2362 4110
156 164 261 252 rom
427 153 590 282 *oum
630 93 851 254 worun

469 340 803 424 peccaturum.
861 276 863 281 ¹

251 451 481 564 Clarissimo
498 471 901 585 atqueExcellentili]
919 487 1030 577 Viro

464 601 510 674 D.
528 588 813 778 oslauPWermia
880 655 882 658 -

149 936 287 1010 masuam.

229 1057 344 1118 Uamvia
358 1070 439 1116 antea
452 1051 545 1114 literar
558 1052 609 1114 tini
624 1049 833 1128 destinaverim,
858 1071 956 1116 mmen
970 1075 1041 1117 cum
1055 1057 1123 1116 itine·

131 1187 135 1198 .
250 1141 272 1199 ri
286 1138 429 1218 hucusque
447 1139 586 1196 intentum
600 1136 654 1196 alia
670 1157 714 1196 me
729 1137 833 1218 semper
842 1140 958 1218 negotia
983 1129 1123 1218 occupare·

67 1265 69 1270 .
152 1228 220 1296 rint,
240 1241 313 1282 num
328 1224 438 1282 tandem
458 1224 484 1278 ἃ
500 1220 637 1282 voluntati
660 1223 687 1276 δι
725 1219 859 1299 promissis
880 1243 950 1282 mers
974 1223 1122 1282 satisfacere

152 1306 241 1388 potui.
284 1306 328 1364 De
350 1303 553 1364 itinere'autem
568 1323 631 1362 mco
645 1299 732 1361 multa
757 1302 871 1364 scribere
891 1323 964 1383 opus
992 1302 1122 1373 nonest,
1153 1344 1155 1357 .

151 1409 216 1450 eum
233 1387 304 1448 nihil
320 1387 376 1446 sere
391 1389 421 1446 ira
435 1405 468 1449 ea
478 1387 626 1446 occurrerit
638 1403 685 1442 tua
699 1388 857 1466 cognitione
873 1388 1007 1468 dignum.
1051 1386 1124 1466 Equit

152 1473 215 1532 dem
235 1467 428 1532 Technorheca
448 1457 600 1530 Dresdcnlis
618 1467 652 1530 ab
665 1471 793 1530 omnibus
810 1467 924 1530 summis
941 1469 1075 1534 laudibus
1089 1468 1124 1531 es·

151 1555 298 1616 serebatur.
339 1551 460 1630 ideoque
473 1549 580 1610 summo
595 1545 741 1630 flagrabam
752 1550 882 1611 desiderio
896 1553 957 1635 ejua
976 1555 1124 1618 accuratius

28 1657 29 1664 ¹
152 1632 353 1716 perspiciendae.
390 1635 443 1696 Sed
468 1635 612 1713 postquam
633 1634 727 1692 omnia
741 1635 901 1713 diligentius
918 1636 1122 1716 contemplatur

153 1737 239 1791 eram,
253 1715 325 1778 nihil
340 1717 434 1776 inveni
449 1758 459 1789 ,
479 1737 536 1794 quo
551 1714 595 1776 vel
608 1714 839 1775 tuaevelaliorum
848 1717 1121 1797 ,quasvidi,aequari

42 1871 44 1880 y
130 1812 132 1816 '
150 1800 264 1883 pollent.
306 1803 424 1881 Magnus
441 1799 504 1859 satie
518 1816 662 1878 apparatus
677 1815 708 1854 ac
725 1799 850 1876 plurimae
873 1819 1008 1876 camerae,
1027 1803 1070 1863 scd
1086 1823 1122 1862 rtt

137 1885 214 1964 *ipsae
228 1882 371 1965 uulgaret,
390 1882 514 1960 quaedam
530 1899 622 1940 tamen
636 1895 713 1938 erant
729 1881 798 1940 milri
812 1898 894 1942 antea
908 1901 971 1944 non
988 1884 1057 1962 ¹visa,
1069 1905 1122 1964 qua

150 1966 198 2036 laic
212 1971 326 2032 notabo.
346 1962 696 2043 totiusquechhnothceae
711 1963 822 2024 brevem
850 1965 942 2026 ideam
964 1987 1025 2027 una
1049 1971 1122 2033 dabo.

150 2049 331 2111 Distribuitur
347 2047 406 2108 hac
427 2050 457 2108 in
481 2045 525 2106 sex
549 2064 678 2108 camerae.
728 2049 820 2106 Prima
843 2051 920 2108 varia
943 2049 1130 2112 instrumenta

150 2131 310 2192 mechanica
324 2129 417 2202 habet,
435 2129 468 2190 ut'
480 2129 699 2201 Aurifabrorum,
716 2131 909 2210 Lignariorum
929 2137 956 2192 &
975 2133 1122 2215 Chirurgo·

151 2232 233 2274 rum:
252 2215 282 2270 in
296 2212 382 2273 altera
401 2214 473 2272 varia
485 2212 648 2289 poculorum
673 2231 773 2292 genera
790 2217 870 2282 variis
890 2215 986 2276 modis
1007 2210 1122 2276 extraria

150 2294 264 2356 materia
281 2293 434 2357 efformata.
453 2319 455 2322 ·
475 2297 613 2374 Praecipua
627 2314 704 2354 crant
720 2315 825 2376 ungues
840 2295 1120 2376 gryphia,testudincr
1153 2337 1156 2352 .

151 2375 244 2450 variam
263 2376 390 2459 psittacus
402 2383 435 2437 .&
450 2379 550 2458 gallina
565 2399 599 2438 ex
614 2375 727 2437 conchis
751 2379 961 2460 margaritarum
981 2379 1120 2440 artificiose

33 2511 35 2516 Α
147 2463 346 2543 coagmentatis
358 2454 465 2527 cffiila„
497 2464 605 2520 Vitrum
621 2460 723 2536 septem
742 2467 928 2536 metallorum,
948 2465 1121 2542 quodramen

148 2543 183 2606 ab
198 2543 255 2603 alio
272 2547 388 2613 Veneto,
410 2545 485 2625 quod
503 2547 597 2624 Pragae
615 2548 645 2603 in
664 2544 748 2624 domo
767 2545 877 2602 coloreda'
892 2547 990 2622 postea
1000 2550 1117 2620 vidi,nce

148 2626 243 2688 colore
260 2645 309 2686 nec
323 2625 385 2686 aliis
401 2627 531 2708 distingui
544 2647 660 2704 poterat.
699 2625 809 2686 Globus
823 2646 987 2707 quoqueex
1002 2629 1117 2689 solido&

149 2701 233 2771 unico
246 2709 382 2786 crystallo
397 2712 472 2770 nrirae
488 2710 684 2789 magnitudinis
701 2699 831 2776 libr.’2o.
848 2707 908 2774 visu
928 2729 990 2772 erat
1008 2707 1117 2792 dignissu

149 2811 221 2853 mus.
262 2791 358 2851 Plures
374 2793 543 2871 illiclapidcs
559 2793 666 2871 pretiosi
682 2791 744 2852 saris
769 2793 875 2875 magni,
898 2813 932 2853 ut
956 2793 1117 2854 Adamanrce

148 2872 292 2935 Bohemiei
308 2872 486 2952 pulcherrimi
503 2892 534 2934 ut
563 2880 589 2952 ὃς
611 2877 713 2936 Rubini
728 2875 832 2954 aliique
848 2890 856 2945 ς
872 2877 919 2938 sed
940 2877 994 2936 isra
1011 2878 1117 2936 minoris

58 2969 68 3026 f
146 2955 240 3038 pretii.
283 2957 377 3015 'sertia
391 2959 507 3016 Camere
523 2956 679 3021 artificiosae
694 2960 810 3036 piiiuras
826 2958 929 3020 Alierri
945 2962 1058 3032 Demi,
1073 2971 1116 3018 la·

143 3061 175 3100 ea
189 3037 335 3099 rranachii
349 3043 375 3096 δι
390 3038 518 3110 aliorum.
559 3043 668 3122 Quarta
692 3061 799 3102 camera
829 3045 905 3104 varia
924 3043 1119 3104 Mathematita

30 3165 33 3169 -
94 3163 100 3178 .
147 3122 329 3183 instrumenta
348 3116 476 3198 habebat,
497 3121 541 3184 sed
558 3142 649 3201 parva.
690 3123 877 3205 conspicuum,
890 3128 949 3188 illic
964 3147 1026 3187 erat
1036 3131 1117 3208 Orga·

145 3221 215 3264 num
230 3200 360 3264 musicum
377 3204 507 3282 majuacx
523 3199 623 3286 lapide,
638 3208 752 3268 &aliud
768 3227 801 3264 ex
817 3209 901 3280 vitro,
921 3231 988 3270 cum
1004 3210 1078 3270 tibiis
1085 3213 1117 3267 la·

146 3285 234 3366 pideia
248 3289 277 3347 in
291 3305 348 3348 uno
364 3290 390 3345 δι
406 3287 499 3345 vitreis
516 3287 543 3346 in
564 3289 663 3362 altero,
694 3287 875 3350 suavissimum
896 3294 998 3354 sonum
1021 3291 1116 3355 edenti·

147 3367 209 3432 buc.
280 3374 314 3432 ln
327 3369 424 3448 quinta
441 3373 515 3429 varia
530 3369 592 3431 sunt
616 3371 781 3444 Naturalia,
810 3371 881 3456 sapia
904 3377 1036 3437 informis
1061 3373 1115 3433 sarie

145 3466 263 3533 magnae
278 3471 314 3513 ex
327 3447 401 3512 eaelo
410 3450 535 3534 delapsus
542 3453 635 3520 librar.
650 3473 701 3528 72,
717 3453 879 3519 crediderim
895 3461 1026 3544 fragmen
1052 3477 1117 3606 puppa

748 3576 750 3580 ·
1064 3565 1088 3606 ur
1106 3561 1118 3602 e
