2362 4110
112 255 118 270 ,
208 203 381 282 nunu
421 145 887 285 nunr'nmsuotrr.
947 214 1045 303 ,ιρι
1111 311 1113 316 ¹

61 382 91 441 &
105 394 265 456 temporum
280 375 375 450 seriem
392 375 487 439 sedulo
503 394 587 458 atque
602 373 721 438 feliciter
733 377 860 436 attexuit.
902 373 964 457 Qui
972 375 1049 452 libri,

0 480 4 481 ⁷
57 463 129 538 ,quia
145 462 256 540 majoris
268 460 330 540 sunt
352 461 454 534 molis,
482 457 621 521 difficilius
646 457 681 520 ad
711 477 762 518 nor
782 457 1049 537 transportabuntu'r.

16 549 33 586 -¹0
62 545 118 604 Eos
144 561 238 603 tamen
263 543 297 603 ati
321 561 434 603 manum
455 561 685 622 comparatosque
709 541 813 618 semper
836 539 943 602 habebo
958 545 1051 622 ptimo

0 646 4 651 ²
24 654 30 688 ῃ
61 645 177 706 quoque
191 643 315 705 tempore
329 625 406 688 adse
422 621 609 703 perferendos,
632 626 843 701 bominumque
864 634 956 683 Peme
971 625 1048 685 iden·

0 728 11 736 '
62 709 148 771 tidem
167 710 281 790 rogabo,
296 727 327 769 ιιι
344 729 388 767 me
403 711 550 782 admoneat
571 747 581 780 ‚
604 707 624 768 li
647 727 731 786 quam
756 703 840 787 hujus
860 706 899 766 rei
917 707 1049 769 iacienda

61 795 291 852 commoditatem
308 793 381 870 prius
395 811 479 871 quant
492 812 545 874 ego
559 790 743 853 nanciscatur.
765 789 846 870 Qus
865 789 1048 869 reroaojeum

52 872 186 954 ‘sc'ripfisii
203 871 307 948 literas,
325 893 371 934 eas
387 876 494 950 accepit
509 875 594 954 paulo
611 873 693 934 serius
707 893 739 932 ac
765 871 918 942 voluissem,
944 873 1050 951 quoni·
1144 895 1145 898 ¹

60 975 109 1017 am
123 972 199 1016 certe
210 977 267 1015 non
283 955 390 1017 multos
406 955 506 1017 abhinc
524 958 582 1016 dies
594 976 656 1016 rure
675 953 754 1028 tedii,
776 958 802 1013 δι
819 953 875 1031 ipse
899 954 947 1015 diu
962 957 1048 1021 etiarn
1159 971 1161 980 ¹

59 1039 161 1103 abfuit.
200 1040 261 1117 Jam
280 1060 344 1099 vero
359 1042 388 1102 in
402 1040 481 1099 Urbe
496 1038 575 1111 sum,
592 1037 722 1098 -iiatione
746 1035 941 1113 mansoneque
955 1042 1046 1120 magis

59 1139 136 1190 cetra
150 1121 185 1182 ad
200 1138 289 1180 totam
304 1122 431 1202 hyemem
449 1123 592 1200 ipsamque
609 1120 679 1181 adeo
692 1123 762 1180 veris
785 1122 973 1197 tempestatem
982 1140 1049 1182 con·

59 1205 141 1262 tinuo
154 1221 441 1286 commoraturut,qua
455 1206 561 1275 ratione
576 1201 749 1264 commodius
765 1220 792 1262 te
807 1199 896 1262 literis
917 1205 1048 1282 frequen·
1063 1239 1070 1256 ·

59 1285 178 1347 rioribus
192 1290 355 1365 compellare
371 1287 491 1350 dabitur.
534 1283 780 1365 lmpraesentiarum
796 1301 824 1345 te
838 1283 935 1356 velim,
954 1287 1046 1348 ¹utml·
1081 1355 1082 1358 Ἴ

59 1365 91 1428 hi
106 1366 251 1450 fignifieer,
270 1369 354 1449 fiqui
369 1367 421 1430 bnt
436 1369 511 1441 libri,
532 1374 561 1429 in
584 1368 684 1447 quibus
710 1373 829 1429 monetae
852 1369 965 1427 Danitae
982 1389 1049 1430 con·
1080 1441 1085 1446 Ι

59 1447 170 1533 sgnatae
183 1451 414 1532 consculptaeque,
435 1451 591 1532 eujusmodi
603 1449 666 1511 libri
680 1449 715 1520 ad
727 1447 985 1512 nummulariorum
993 1470 1048 1511 tra·

62 1534 373 1612 periturumqueosum
390 1534 660 1602 ridenturiniiituri.
724 1534 808 1594 Tales
833 1533 995 1614 Hamburgo
1010 1532 1047 1596 ad

62 1635 109 1676 me
137 1615 222 1677 delati
252 1614 314 1676 sunt
339 1617 461 1678 Codices
472 1615 588 1696 aliquot
617 1614 680 1687 ,in
703 1618 804 1694 quibus
832 1612 1049 1694 llithedalorum

60 1717 149 1757 omne
166 1718 252 1780 genus
268 1699 414 1760 exhibetur
425 1719 535 1771 eorum,
556 1700 605 1778 qui
619 1700 650 1757 in
663 1701 814 1760 Germania
830 1698 984 1775 vicinisque
1004 1719 1047 1762 te·

0 1812 9 1821 e
57 1780 190 1862 gionibus
204 1783 386 1843 excuduntur.
438 1783 477 1842 Ex
493 1782 639 1852 Flrndria,
667 1781 869 1858 Hollandiaque
890 1779 1046 1842 consimiles

58 1862 157 1924 ititlem
176 1861 265 1923 habeo
288 1907 298 1938 ,
321 1867 351 1925 in
366 1863 468 1945 quibus
482 1877 656 1924 monetarum
673 1864 771 1944 ingens
797 1861 877 1942 eopia
905 1905 917 1936 ,
944 1865 1045 1942 quibus

11 1977 12 1982 κ
57 1943 346 2025 pleraeqoe‘nationes
365 1965 491 2021 utuntur,
509 1946 639 2028 congesta
654 1945 816 2025 depibaque
840 1944 888 2007 est.
922 1947 959 2016 ,si
975 1947 1046 2007 nulli
1142 1967 1144 1972 ’

57 2025 112 2089 fine
126 2030 198 2104 apud
215 2050 263 2089 vos
280 2029 363 2112 hujus
377 2032 485 2112 generis
501 2030 577 2104 libri,
598 2029 678 2091 enixe
693 2048 709 2086 ι
724 2048 752 2090 te
767 2028 873 2112 flagito,¹
893 2028 1046 2108 utfiqusnr
1159 2051 1162 2059 ι

56 2111 95 2174 do
113 2113 167 2171 tuis
183 2113 218 2172 ab
231 2132 315 2190 opere
341 2131 441 2173 vacare
456 2113 631 2192 eontigerit,
652 2110 775 2190 aliquem
794 2109 872 2171 mibi
885 2112 1046 2194 eatalogum
1073 2171 1075 2177 ,

56 2192 232 2258 conscribant
249 2197 417 2256 Danicarum
433 2213 609 2276 monetarum
619 2195 710 2253 omnis
728 2197 847 2276 generis,
869 2195 974 2256 saltem
988 2213 1045 2266 ma·
1101 2221 1102 2224 ¹

57 2277 101 2358 gis
114 2279 308 2358 cognitarum,
328 2299 393 2341 tum
409 2278 569 2348 nominibus
593 2278 742 2357 unicuique
766 2277 821 2338 suis
848 2297 905 2338 ram
929 2278 1046 2338 Danitia
1081 2285 1086 2292 '

56 2376 144 2436 quant
162 2361 279 2434 Latinis,
300 2358 429 2438 adjunsto
444 2381 539 2424 earum
553 2361 642 2438 pretio
657 2377 690 2421 ac
709 2358 814 2434 valore,
834 2379 970 2440 quantum
980 2361 1043 2440 qui·

57 2441 123 2502 dem
139 2440 198 2503 fieri
213 2445 325 2523 poterit,
346 2450 374 2506 &
389 2463 525 2525 quantum
535 2437 556 2522 '(
564 2445 663 2503 iterum
679 2441 766 2516 dico)
791 2459 840 2522 per
854 2462 962 2523 tempus
975 2440 1055 2503 lice-¹
1150 2469 1152 2476 ·

55 2523 110 2597 bit.
153 2528 254 2605 Neque
269 2528 345 2588 enirn
367 2527 423 2587 hoc
449 2519 574 2586 officium
598 2544 696 2604 urgete
720 2527 830 2585 animus
850 2526 900 2590 eli,
942 2522 1046 2588 Simul·

56 2625 114 2684 que
127 2608 225 2668 iisdem
240 2609 365 2688 precibus
379 2630 395 2670 a
411 2626 439 2668 te
451 2609 601 2680 contendo,
621 2623 652 2666 ur
679 2605 750 2670 milti
769 2606 900 2688 fignifiter
922 2648 930 2680 ,
952 2607 1044 2686 fi-qui

58 2689 112 2748 stnt
129 2691 202 2770 apud
221 2712 271 2752 uos
284 2691 398 2772 rabuli,
423 2694 566 2752 nummive
580 2705 703 2768 'propter
724 2688 889 2766 obsidiones,
911 2691 1046 2768 direptio-

57 2789 142 2832 nesve
160 2772 280 2848 urbium,
295 2777 457 2847 certamina,
477 2776 586 2854 Regum
601 2773 836 2850 inaugurationet,
857 2774 1047 2849 matrimonia,

22 2859 24 2862 ’
62 2871 112 2913 aut
126 2853 204 2915 casus
220 2859 397 2936 absumique
410 2856 539 2936 inignet,
560 2852 722 2932 hujusmodi
738 2858 872 2916 memoria
880 2876 1046 2920 monumen·

60 2937 158 3014 risque·
167 2937 285 3016 publicis
300 2939 408 3022 dignas,
429 2935 553 3018 proculi:
575 2937 706 3017 Quarum
720 2956 814 2999 rerum
830 2941 884 3019 jam
902 2940 982 3016 copia
996 2939 1048 3002 ruit
1068 3004 1073 3007 ,

55 3015 88 3079 1ιί
104 3017 224 3100 suppetit
238 3022 388 3100 aliquanta.
431 3024 592 3101 Pergratum
605 3035 679 3079 certe
693 3018 728 3080 iis
742 3023 772 3082 in
792 3024 872 3083 rebus
881 3017 950 3080 mihi
976 3022 1047 3083 fecer

55 3103 123 3164 ris.'
148 3100 227 3162 Valet
275 3105 392 3170 Lutetia
428 3101 593 3170 Parisoruru
632 3101 716 3170 tertio
751 3122 840 3186 nonas
877 3103 1044 3188 Decembris

56 3183 248 3278 uncino
360 3205 362 3212 s
407 3200 413 3214 ·

821 3611 1050 3679 DCCCCX'CV.
