2362 4110
199 147 270 227 nr
293 151 361 234 An
388 97 525 236 suun
550 148 862 256 natatoria.
920 155 1021 250 rou-r

40 323 181 405 incogniti
196 343 284 394 erant.
295 324 345 390 sed
361 346 409 388 eet
427 346 476 410 pet
492 346 580 389 notor
596 327 645 408 qui
661 326 790 388 omnibus
804 325 865 392 ttoti
881 343 962 388 erant.
976 349 1024 392 eu

41 405 165 490 posuitr
190 409 261 470 Illud
278 431 391 491 quoque
409 430 505 472 contra
521 411 592 470 bant
619 407 780 482 sententiam
807 411 897 491 urgeri
921 417 1021 490 poteii,

41 489 144 550 menfis
161 487 243 570 hujus
259 487 362 554 nullam
377 514 468 572 neque
481 497 511 553 in
531 492 692 553 Ausioribur
707 513 799 570 neque
811 491 939 552 indiculis
947 513 1024 555 men·
1042 525 1046 546 ι

43 575 155 632 tionem
171 576 283 635 exstare.
325 576 379 637 Sed
394 578 429 637 ad
440 577 571 654 posterius
586 574 698 653 quidem
714 575 875 654 respondeo,
895 576 961 640 illud
976 598 1023 638 ne·

24 677 27 682 ’
45 676 105 734 que
121 655 314 720 incommodi
331 660 518 721 Dontitianive
534 657 635 717 fastum
651 657 735 729 fuisit,
756 676 828 736 quos
846 675 1038 720 tamenmen·r

45 739 89 798 ses
105 736 168 795 suot
185 737 306 801 habuisse
323 741 471 802 Macrobius
488 735 515 810 δι’
533 741 648 818 antiqua
671 738 732 799 saxa
750 741 892 805 testantur.
933 741 1023 806 Causa
1136 758 1138 762 '

48 821 108 881 suit
124 820 241 879 Senatus
257 821 395 896 voluntat,
415 843 540 900 quaenon
555 817 694 895 omuibus,
715 821 759 884 sed
775 821 826 882 soli
836 822 912 900 Julio
926 828 953 884 δι
971 830 1025 885 Aut
1137 847 1151 856 ·’

45 905 131 985 gusto
145 901 370 965 honorem'illunr
388 908 469 965 tribui
487 906 600 968 volebat
621 945 632 976 ,
650 907 695 963 'ne
718 907 899 965 maximorum
920 907 1026 968 Princi-

16 997 20 1004 “
48 986 244 1064 pum‚quique
260 989 405 1067 imperium
423 989 489 1060 illuri
505 988 586 1068 primi
601 988 815 1060 constituerant,
833 1007 937 1050 nornen
961 988 1026 1051 vilet
1052 1031 1060 1046 .·
1111 1059 1120 1074 Ι

51 1069 151 1144 sceret.
213 1073 302 1130 Etiam
319 1071 469 1146 Commodi
486 1071 695 1147 Domitianique
715 1068 852 1128 malorum
868 1073 1027 1150 Principum

29 1155 31 1160 ’
51 1150 123 1211 ficut
136 1151 231 1211 statua
247 1147 405 1232 parietibus,
421 1153 458 1211 ira
471 1155 583 1212 nomina
599 1151 733 1212 mensibus
745 1153 863 1211 denaba
888 1154 975 1227 fuere,
997 1175 1028 1216 ut

51 1235 169 1315 posteris
184 1233 312 1314 exemplo
328 1232 411 1294 essent
433 1275 442 1306 ,
462 1255 497 1294 ne
519 1235 645 1296 insanire
657 1237 766 1297 vellent.
828 1237 862 1293 Et
883 1237 949 1313 quid
965 1235 984 1296 fi
999 1239 1027 1300 id

52 1316 144 1396 ipsum
162 1317 197 1378 de
209 1319 329 1379 Adriano
340 1316 473 1390 dicamus,
487 1337 570 1396 quern
586 1319 703 1378 Senatus
715 1319 775 1396 post
789 1317 897 1384 obitum
906 1323 934 1376 in
943 1321 1029 1386 Divoss
1116 1373 1120 1390 ,

55 1419 120 1460 rum
134 1417 283 1461 numerum
297 1402 401 1460 'referre
415 1398 517 1473 noluit,
537 1419 570 1458 eo
586 1401 663 1478 quod
679 1401 758 1460 initio
772 1400 940 1478 Principatus
951 1402 1031 1464 rivet

54 1485 193 1561 quoidam
207 1483 391 1552 interfecerat,
411 1500 444 1540 ac
467 1485 565 1563 Magia
587 1481 701 1546 infamia
725 1479 829 1560 semper
851 1480 1032 1560 laboraverat,
1129 1527 1130 1532 κ

54 1582 89 1625 ut
104 1567 264 1642 Dirnrapud
279 1563 441 1643 xipbiitnum
453 1582 578 1624 notarum
590 1565 666 1623 est?·
690 1563 767 1624 Alios
786 1565 935 1643 Scriptores
952 1571 1029 1647 quod

55 1651 170 1721 attinet,
190 1647 340 1710 dolentum
356 1649 427 1706 inter
443 1665 544 1728 paucos
562 1648 634 1721 iflot,
655 1647 704 1724 qui
718 1649 752 1706 de
766 1647 813 1705 illo
829 1664 953 1728 tempore
969 1649 1032 1712 seri·
1079 1683 1081 1688 ·

58 1729 185 1812 pserunt,
204 1731 343 1790 neminem
358 1729 415 1790 fere
430 1729 465 1790 ad
479 1731 586 1796 ¹nostrus
601 1748 698 1789 manus
721 1728 877 1807 pervenisse.
919 1732 990 1792 Sane
1014 1733 1033 1794 fi

59 1813 148 1890 ipsius¹
162 1813 253 1872 Dionis
270 1813 354 1872 libros
368 1811 420 1872 hac
436 1814 471 1874 de
486 1830 564 1872 arare
582 1811 764 1885 haberemus,
785 1831 842 1870 non
858 1811 953 1873 dubito
966 1818 1035 1894 quin

59 1897 135 1956 illius
156 1889 354 1965 tei-manifesta
367 1894 497 1954 darentur
511 1889 632 1976 vestigia.
681 1895 714 1952 ln
737 1894 842 1968 Latinis
861 1895 1035 1975 scriptoribus

59 1978 139 2056 quod
154 1977 209 2036 bot
223 1975 351 2037 omissum
367 1977 409 2051 st,
427 1977 529 2052 mitum
544 1978 629 2037 videri
646 1993 702 2034 non
720 1976 811 2049 debet,
832 1997 894 2036 tum
919 1981 959 2038 illi
976 1978 1035 2042 bate

58 2060 166 2133 aliena,
185 2078 301 2138 quaque
317 2079 458 2138 nunquam
473 2063 564 2140 potius
581 2059 650 2118 farta
666 2057 809 2124 volebant,'
832 2080 889 2119 non
912 2059 1037 2124 'libenter

24 2145 27 2148 ’
61 2145 216 2224 attigerint.
267 2143 402 2219 Equidem
419 2144 437 2204 fi
452 2163 486 2206 ex
501 2143 631 2202 facillima
650 2144 812 2202 &minime
839 2142 932 2202 torua
963 2147 1039 2206 rotie

61 2226 257 2286 emendatione
271 2243 313 2285 res
327 2224 469 2304 dijudicari
487 2225 673 2296 debeat‚nulla
684 2243 738 2282 vox
749 2225 848 2284 meiius
866 2229 892 2284 &
906 2227 1040 2308 cumipse

61 2308 164 2380 literis,
184 2313 210 2368 δι
225 2326 289 2367 curn
302 2326 332 2367 re
347 2327 378 2366 at
392 2307 503 2370 historia
518 2307 663 2368 contenire
675 2307 773 2385 potest.
816 2311 953 2386 Frequens
964 2313 1040 2372 enirn
1137 2303 1140 2358 s

15 2403 17 2410 ’
62 2406 95 2467 in
109 2405 291 2470 Coditibutr
307 2421 356 2482 pro
372 2423 397 2480 Λ
413 2401 510 2465 &hoc
523 2424 572 2485 pro
589 2410 727 2481 musque
737 2403 817 2476 adeo,
833 2421 863 2461 ut
876 2402 1043 2468 acutissimos
1120 2473 1121 2478 1

64 2499 139 2594 sape
147 2489 233 2574 sabat.
274 2519 314 2575 Ex
331 2515 358 2576 Δ
376 2501 443 2594 ergo
458 2514 551 2573 omisa
567 2511 741 2576 tramversali
757 2515 859 2572 fatiunt
876 2495 930 2572 suit
943 2533 981 2590 Λ,
1008 2539 1043 2581 ex

40 2598 44 2601 μ
66 2625 116 2684 illo
131 2622 263 2705 r,'quod
279 2641 363 2702 quarn
378 2622 524 2701 inquens,
547 2641 589 2694 tu,
610 2623 661 2683 Vir
677 2617 803 2694 summe,
822 2605 927 2682 in'isiit
949 2622 1044 2688 studiis

10 2779 14 2782 .
68 2715 256 2788 versutissime,
271 2705 626 2798 optimeto'gnitumbabes.
671 2714 818 2792 concludo
830 2716 914 2796 igitur
923 2719 1045 2783 mensem
1126 2707 1127 2712 ἵ

68 2823 147 2884 hune
161 2795 315 2909 Aiptottti
330 2812 384 2874 dici
408 2811 505 2870 debere
527 2809 736 2888 Septembtique
757 2807 867 2886 Juliano
890 2802 1046 2886 convenire.

68 2917 108 2976 At
121 2931 198 2992 tero,
218 2913 339 2976 Maxime
355 2909 504 2994 Philologe
514 2953 528 2983 ,.
542 2929 600 2968 non
614 2906 672 2970 bac
695 2909 758 2969 ideo
784 2929 801 2968 a
818 2929 864 2972 me
883 2914 980 2997 scripta
998 2940 1047 2985 aut
1119 2969 1124 2980 .

69 2997 143 3058 dista
159 2994 231 3065 sunt,
252 3011 283 3052 ut
297 2993 428 3054 assensum
446 3011 524 3053 tuum
540 2991 736 3072 applausumve
749 2993 933 3072 impetrarem.
973 3003 1046 3067 Mihi

71 3079 147 3139 enim
164 3077 292 3137 affebium
307 3097 340 3136 uc
353 3094 488 3155 promtam
504 3077 574 3134 bene
590 3074 711 3133 merendi
727 3073 900 3138 voluntatem
915 3080 1047 3146 declaras·

72 3159 178 3222 sesatit
194 3159 242 3220 est.
284 3159 363 3229 Vale,
379 3155 623 3229 VitClarisstme,
645 3161 730 3214 &nte
753 3175 844 3215 amare
874 3180 964 3245 perge.
1006 3173 1049 3232 Ex
1087 3161 1096 3179 ’

66 3243 175 3334 Museo
188 3259 252 3304 meo
261 3244 314 3310 111.
324 3239 406 3304 uidua
421 3238 549 3322 Qrintil.
561 3239 633 3301 Anni
648 3235 878 3314 MDCXLVIIII.
993 3276 994 3282 κ
1061 3231 1062 3234 ’

727 3625 729 3632 Α
769 3489 1065 3600 necc'cnnntvr.x
