2362 4110
48 261 50 265 .
157 97 829 254 Ernpnunnnsnunrn.
893 124 1042 263 ηερ]
1113 233 1116 242 ¹

33 315 124 380 teillic
139 335 289 391 moratum,
309 313 383 379 nibil
397 315 453 379 tale
470 334 594 400 unquam
611 317 720 394 vidill'e,
741 308 977 403 juravitquenibil

33 399 58 462 le
72 402 126 460 illic
140 400 202 467 csse.
240 402 317 462 Alius
330 395 431 461 multas
455 401 647 480 Inscriptioncr
665 405 809 483 antiquat,
826 407 980 470 Grecos&
1088 397 1091 406 “

33 486 114 542 uinta
128 483 165 543 ibi
176 485 282 558 inveni,
300 503 331 544 ac
347 486 398 546 trit
414 504 537 548 veretum
551 486 710 550 Grecorum
733 490 981 566 Romanorumque
999 524 1006 539 ·

34 566 120 626 clinia
134 585 198 626 curn
211 568 315 630 Graecis
332 565 579 647 subscriptionibus.
621 569 755 656 Sequenti
768 570 813 630 die
833 571 993 634 Patavium·
1015 605 1016 612 κ

33 646 139 722 uersus,
159 650 299 728 quendam
318 654 427 712 Patrem
443 652 642 722 Eremirtnum‚
661 652 780 711 amicum
795 671 899 732 meum,
921 653 979 726 Ja.

33 731 92 792 lum
106 733 216 811 Qaglie
231 735 361 806 conveni,
376 733 448 811 apud
462 752 553 813 quem
578 730 778 813 pulcherrimos
801 754 885 816 atque
901 737 979 798 ruris·
1009 807 1015 818 .

33 835 82 878 nos
98 834 209 889 numos,
238 819 351 891 ilatum,
372 815 464 898 ligna,
486 816 605 896 pislutas
619 813 819 897 fibulasque&
835 818 901 894 ulie,
914 837 977 898 que

33 899 227 978 lanriquitater
245 899 377 978 speciant,
398 901 528 959 videtum.
571 899 662 977 Atque
677 898 743 960 huic
755 902 879 980 quidem,
907 906 977 964 infe·

33 1001 85 1041 :ern
99 1001 144 1042 nte
157 979 209 1042 csse
223 982 413 1060 depredicavi,
433 980 508 1060 quod
523 978 645 1060 lapidem
660 984 743 1042 inum
769 985 892 1047 invenire
907 985 978 1048 mihi

33 1086 59 1124 tn
72 1062 197 1128 licuisset.
238 1068 288 1126 lile
302 1085 367 1128 vcro
383 1066 502 1143 primum
517 1061 642 1124 dubitare
652 1068 746 1142 coepir,
764 1079 805 1127 'an
818 1065 873 1127 tale
881 1067 977 1128 saxum

33 1150 57 1207 ic
71 1165 193 1225 unquam
209 1146 421 1228 fuisser,··pustea
437 1147 570 1226 polliceri,
602 1149 641 1221 se,
669 1151 874 1228 quamprimum
890 1153 978 1212 Vener
1102 1151 1104 1156 ’

33 1231 187 1304 ts-vcniter,
208 1232 243 1289 ab
257 1229 375 1310 ipsomet
392 1231 496 1308 Georgia
522 1238 687 1304 contareno,
716 1232 795 1311 cujus
816 1233 862 1292 illc
878 1229 976 1294 hortus

33 1320 54 1387 l,
77 1311 274 1389 questurum,
289 1334 347 1393 quo
363 1313 433 1393 lupis
446 1315 496 1375 isle
510 1309 617 1374 delatus
636 1312 677 1378 fit.
718 1315 786 1374 Tres
810 1313 868 1376 dies
883 1317 976 1395 pollet

33 1393 130 1456 :nerias
143 1416 198 1456 una
213 1395 421 1476 proficiscimur,
435 1401 462 1456 &
477 1395 601 1474 sequenti
617 1415 709 1470 manc,
729 1397 873 1477 postquam
885 1397 979 1458 decli·

44 1481 164 1559 negotiis
175 1490 352 1542 Conrartnum
366 1495 545 1553 convenerat,
583 1481 658 1540 ostea
671 1480 706 1541 de
720 1478 811 1560 lapide
822 1497 913 1561 rogat.
929 1483 984 1554 Ille,

33 1563 68 1622 rit
84 1561 168 1622 talem
182 1562 209 1622 se
222 1563 343 1642 lapidem
360 1582 502 1641 nunquam
517 1495 645 1634 babput'lse,
662 1561 739 1642 quod
766 1563 857 1635 sciat,
875 1565 980 1625 indices

33 1664 95 1704 rnen
109 1644 172 1704 suos
186 1665 249 1706 cum
263 1647 323 1704 otio
337 1664 422 1726 atque
436 1662 560 1726 rempore
575 1643 777 1726 perleclurum,
795 1650 822 1705 &
837 1645 929 1722 postca
943 1646 980 1714 du

33 1732 79 1790 're
94 1727 306 1805 inquifiturum,
335 1733 456 1789 Tantum
470 1729 521 1801 esi,
542 1728 617 1804 quo'd
633 1729 662 1787 in
675 1729 729 1787 hoc
744 1730 858 1807 negorio
880 1726 980 1790 hucuer
1057 1744 1060 1748 ·

33 1805 194 1890 tepraellarc
204 1815 293 1894 potui.
334 1805 487 1872 Obiduum
502 1810 594 1891 pollet
609 1813 732 1870 Veneriis
747 1808 897 1890 digressus,
916 1808 979 1872 Flo·
1032 1825 1034 1830 ’

33 1897 121 1956 ntittn
137 1895 174 1956 ivi
191 1915 277 1976 arqne
290 1894 356 1958 inde
370 1896 444 1955 resia
455 1897 585 1966 Romam,
605 1894 752 1974 statimque
769 1891 829 1954 heic
843 1893 991 1963 abbatem„

33 1979 148 2057 ffianum
162 1980 204 2038 del
218 1989 305 2041 Pozzo
319 1997 368 2040 ruo
383 1979 497 2038 nomine
512 1975 628 2037 salutavi
656 1993 742 2055 arque,
773 1977 845 2036 inter
871 1975 925 2036 alia
941 1977 977 2054 de
996 2035 1000 2046 ,
1056 2033 1059 2038 .

33 2062 115 2123 istoria
130 2062 271 2122 Mexicnna
286 2063 391 2145 rogavi.
431 2059 594 2138 Respondit,
613 2078 688 2120 nunc
702 2056 816 2138 quidem
830 2060 979 2122 Historiam

33 2167 76 2208 tm
89 2142 243 2208 absolutam
260 2143 323 2219 esse,
343 2143 469 2213 nondum
480 2163 545 2202 vcro
560 2142 670 2220 publice
687 2141 810 2204 divendi·
853 2143 980 2224 Quidem
1020 2181 1023 2188 ,

33 2232 79 2289 tim
93 2235 153 2286 Don
167 2228 262 2308 Alonfh
276 2228 307 2286 de
322 2228 361 2289 ias
381 2236 479 2301 Torret,
493 2227 541 2305 qui
557 2223 684 2285 ultimam
698 2223 762 2285 huic
775 2225 852 2304 operi
864 2244 979 2292 monum

33 2305 181 2392 rp'osuerac,
200 2313 230 2370 in
240 2311 398 2390 Hispaniam
415 2309 554 2373 discedens
575 2351 586 2382 ,
605 2326 710 2387 partem
733 2306 868 2368 librorum
888 2308 981 2370 secum

34 2393 125 2474 mpfit,
144 2411 249 2472 partem
265 2392 408 2474 Religiolis
422 2392 585 2474 quibusdam
601 2394 694 2463 novis,
713 2391 999 2466 aBarbrrinis,irtstir‘
1047 2455 1049 2464 ,
1084 2442 1086 2446 ,

35 2480 82 2550 tis,
102 2473 292 2556 reliquitheic
310 2477 491 2542 vendendam.
532 2476 684 2554 Arqueille
698 2474 811 2551 quidem
827 2473 978 2552 Neapolim
1041 2528 1046 2535 ,
1077 2495 1079 2502 ·

33 2563 117 2620 :niens
131 2559 209 2632 obiit,
228 2558 347 2639 librique
361 2561 391 2618 in
405 2559 551 2619 hominum
573 2557 747 2634 quorundum
768 2573 867 2616 manus
888 2574 981 2633 perver

33 2662 115 2720 erunt,
137 2643 186 2722 qui
200 2643 250 2703 illu
265 2644 382 2706 vendere
397 2641 507 2702 nolunt.
561 2638 689 2719 Religion
710 2655 821 2714 autern,
849 2641 899 2719 qui
918 2637 981 2700 heic
1104 2701 1105 2704 ,

33 2747 102 2786 ornat
119 2728 190 2799 sunt,
210 2730 321 2788 Partem
338 2724 454 2786 alteram
468 2723 595 2785 vendere·
608 2742 665 2780 non
682 2722 802 2794 audent,
823 2721 859 2781 ob
874 2737 981 2785 merum

33 2807 161 2882 ontificis,
178 2810 228 2889 qui
243 2806 291 2871 sub
305 2807 432 2890 quolibet
446 2807 562 2868 minimo
577 2821 708 2884 pretextu
734 2803 862 2866 omnibus
884 2806 983 2867 barbe·

33 2894 119 2954 nianis
136 2911 236 2953 nocete
249 2894 359 2972 quaerit,
394 2889 519 2952 Promifit
533 2901 627 2956 tamen
649 2887 794 2966 Caffianus,
813 2888 880 2949 bina
902 2888 983 2964 mibi,

37 2978 150 3052 vellem,
169 2974 338 3057 exemplaria
360 2991 578 3056 procuraturum,
607 2969 713 3054 fingula
737 2988 786 3048 ις.
800 2971 925 3038 Perusinis
942 2991 985 3031 re·

34 3058 145 3126 munda.
208 3057 349 3120 Kircherur
371 3077 460 3136 nuper
473 3056 618 3132 obeliscum
628 3053 804 3134 pamphiliam
820 3055 916 3128 edidit,
924 3071 982 3130 quo

33 3194 34 3201 ,
51 3141 125 3205 libro
135 3163 233 3206 omncs
248 3145 306 3203 illas
319 3160 401 3204 norat
416 3137 637 3221 hieroglyphicas
654 3137 797 3219 explicuit,
819 3158 880 3216 quae
894 3137 924 3197 in
940 3140 983 3196 o,
1001 3199 1005 3210 ,Ἴ

33 3224 110 3288 eliseo
131 3230 183 3290 islo
204 3227 405 3298 inveniuntur,
436 3243 520 3302 quem
544 3221 674 3282 Pontifex
698 3222 729 3281 in
745 3242 808 3283 arec
823 3217 982 3284 Navonenli

33 3310 100 3370 nella
113 3313 214 3392 p'iazza
229 3320 345 3370 Navoua
359 3307 445 3389 vulgo
460 3306 531 3366 <lieu
545 3306 562 3386 )
578 3305 647 3384 erigi
654 3323 729 3370 nunc
745 3321 832 3369 curat.
853 3303 983 3380 Superio·

42 3412 120 3456 anno
135 3392 300 3476 Musurgiam
310 3391 385 3464 suant
402 3389 497 3459 edidit.
553 3387 642 3473 Quod
665 3385 683 3445 fi
708 3383 738 3446 hi
750 3385 854 3466 aliique
866 3383 930 3446 libri
946 3386 983 3450 ad

33 3499 56 3539 >s
72 3479 199 3544 noudum
213 3475 399 3562 pervenerint,
419 3473 539 3552 meaque
550 3489 634 3550 opera
653 3467 698 3555 bic
720 3485 830 3550 emptos
867 3468 984 3564 uip‚ptic

498 3561 546 3632 zz
561 3574 606 3618 ze
926 3573 986 3636 mc
