2340 4104
149 117 228 228 ,ιι
420 67 581 211 ὀιιιι
611 127 837 212 norint

149 255 299 372 dtmecm
311 302 353 362 tei
367 317 425 382 cam
440 319 506 364 tarae
538 301 692 385 spedaculo
717 307 826 366 animor
848 324 1016 390 retrearent.
1055 312 1119 374 Hinc
1142 281 1145 288 ⁴

149 395 182 455 in
198 381 562 476 publicandispunrionen
576 386 701 466 quedam
714 386 841 469 dehujut
874 391 1006 451 animalis
1030 413 1117 455 naturr

150 481 180 538 ει
193 470 283 535 dentis
299 467 415 528 rinbur.
433 467 591 553 ltonligmri
610 490 670 543 ,ec
687 469 839 552 septimus
857 474 1033 535 evidentibus
1047 479 1117 538 doru

149 567 251 631 mentis
267 567 295 623 dt
309 547 475 662 ἀυτιψίςι
489 561 600 642 publice
617 562 710 636 doctri,
738 561 887 643 qualenam
910 564 976 626 esset
1001 566 1055 629 hot
1068 572 1117 630 ati·

149 664 218 729 ml.
256 662 350 734 Fufius
364 662 541 744 remlingula
553 660 709 741 persecutus
724 659 784 722 sum
801 664 831 720 in
846 661 1054 744 Hiriniaiduser
1060 669 1115 736 mci,

149 746 277 811 nondum
294 747 378 812 edite.
420 747 480 806 Nec
495 742 568 804 hisce
592 745 735 822 requievit
758 762 842 806 anno.
855 745 932 804 enim
956 745 1080 828 sequenti
1091 752 1115 808 in

149 828 296 896 mandam
320 826 408 907 scripsr
429 827 465 888 td
488 835 545 891 Dn.
566 826 722 886 nimiarum
748 826 913 900 sunniam,
948 829 1115 908 nqn'ionnir

150 911 274 978 issandiae
288 908 464 991 Episcopum,
482 908 552 968 olim
567 907 614 968 hic
628 908 659 968 in
674 908 822 978 Academia
839 928 934 968 meum
948 913 1114 993 discipulum,
1128 913 1130 920 ’

150 1000 182 1060 in
198 991 278 1074 cnjus
294 991 409 1056 Dieecefi
442 989 546 1053 animal
562 990 616 1050 hoc
640 1009 706 1051 ante
719 989 830 1069 aliquot
846 1009 936 1052 annot
955 997 1012 1054 fuit
1031 998 1115 1056 inren.

150 1097 224 1151 tum,
243 1075 380 1159 mihiejur
394 1074 609 1138 delineationem
624 1090 656 1134 ut
669 1077 876 1142 transmitteret,
896 1092 950 1147 ec,
967 1076 987 1137 fi
1004 1078 1074 1158 'quid
1086 1097 1114 1138 ex

130 1169 137 1186 ⁰
149 1183 186 1226 eo
200 1158 332 1233 haberet,
350 1160 417 1218 boni
430 1151 534 1235 'publici
549 1155 629 1216 eausa
651 1157 884 1220 communicaret:
902 1159 980 1238 quod
1002 1165 1035 1230 dt
1049 1159 1120 1226 nitro¹
1138 1207 1139 1210 ι

149 1246 226 1310 iecit.
265 1245 337 1307 llinc
350 1242 443 1313 uidet,
459 1257 522 1336 ςιιις
536 1238 755 1338 medotnmenta
769 1237 804 1298 de
816 1236 901 1318 hujus
924 1258 1047 1326 natura,
1061 1262 1113 1323 pro

147 1319 776 1487 &minimi-ii?
791 1323 884 1464 nli.u
895 1327 1113 1470 ,iiiiii

42 1561 44 1568 ,
147 1512 290 1577 gumenta.
329 1487 604 1550 Substantinmlrabet
618 1485 753 1560 nmen,
770 1484 856 1567 qvam
869 1484 966 1550 denter
988 1489 1114 1570 Elephan

133 1579 196 1650 tit,
216 1574 341 1636 liosman
354 1573 531 1652 aliorumque
563 1568 737 1636 animalium,
789 1571 830 1628 Εο
843 1567 875 1629 in
891 1567 959 1631 loco
982 1572 1115 1656 capititi-

148 1677 206 1732 tur,
225 1659 328 1738 in'qro
343 1657 439 1718 denter
456 1657 509 1720 effe
527 1654 675 1728 solent,·in
695 1652 872 1714 extremitate
893 1659 996 1734 nempe
1017 1656 1112 1718 mandi·

149 1741 222 1802 bule
237 1740 399 1820 superioris,
418 1759 476 1799 non
492 1742 522 1800 in
535 1738 628 1799 fronte
643 1753 691 1798 aut
705 1736 791 1800 cranii
812 1752 891 1816 parte
905 1734 1033 1817 supreme
1042 1753 1053 1802 t
1062 1741 1113 1817 pati

148 1824 234 1886 modo
249 1825 333 1886 etiam
348 1825 443 1882 cronio
456 1820 601 1894 inseritur,
619 1838 651 1880 tc
671 1820 720 1880 alii
734 1822 846 1884 denter.
872 1839 921 1918 per
934 1818 1114 1900 gomph'ofint
1142 1891 1144 1906 .

148 1925 207 1967 non
217 1925 266 1986 pet
280 1901 442 1987 symphylin‚
457 1923 488 1964 ut
501 1923 604 1965 cornua
620 1913 630 1965 2
653 1903 788 1964 foramine
804 1906 891 1963 ctanri
916 1903 1033 1965 dimidia
1048 1903 1113 1966 ulnae

33 2035 35 2040 .
148 1991 357 2067 profunditate,
375 1987 466 2048 dentis
479 1987 597 2048 radicem
612 1986 775 2064 excipiente.
817 1988 957 2060 Nullum,
974 1985 1043 2062 scio,
1071 2008 1113 2050 unt

147 2090 233 2148 qrtm
248 2072 339 2133 tidini
355 2089 440 2131 cornu
457 2069 596 2141 animalis,
614 2069 653 2136 ita
668 2069 762 2128 ennio
776 2086 911 2146 aptatum,
933 2086 964 2130 ut
977 2071 1046 2133 illud
1062 2090 1113 2150 per·

144 2153 259 2214 soretae
275 2171 408 2234 penetret,
425 2169 477 2214 aut
491 2153 602 2214 caritati
620 2149 703 2211 alicui
717 2145 870 2225 inseratur3
888 2171 954 2224 nam
968 2150 1114 2232 superlicici

147 2237 277 2297 exteriori
292 2234 388 2294 saltem
403 2234 539 2296 adherere
553 2232 634 2299 solet.
675 2237 712 2294 At
734 2237 901 2294 contrarium
922 2235 970 2294 hic
994 2254 1113 2316 apparet,

147 2315 263 2380 Cornua
274 2335 403 2398 praterea
424 2317 470 2377 rel
480 2316 543 2378 sunt
555 2335 688 2388 concava,
708 2315 796 2375 lineat
808 2319 940 2397 quasdam
951 2318 1113 2395 qvasrtotno

144 2400 241 2463 duda
256 2406 328 2464 circa
342 2401 447 2462 radicet
460 2401 625 2472 obtinentia,
644 2398 690 2466 vel
707 2398 792 2458 solida
803 2399 824 2474 ‘,
844 2405 872 2461 dt
886 2404 970 2461 tamis
988 2403 1114 2478 dictrict-

146 2501 186 2558 ιι,
207 2505 238 2546 ut
246 2488 275 2546 in
286 2486 373 2544 ceruit
394 2489 420 2544 dt
438 2481 501 2544 eliis
515 2487 576 2563 rjus
588 2484 696 2564 generis
707 2481 884 2548 videteli'cet.
923 2482 1113 2546 nrmhiurale
1134 2545 1144 2560 ,

145 2571 176 2627 in
191 2573 287 2628 nostro
300 2565 449 2646 conspiciet
463 2565 555 2626 dente.
597 2567 649 2626 Sed
657 2584 715 2643 quo
731 2562 828 2626 labor?
859 2567 964 2628 Omnia
993 2566 1113 2644 persequi

145 2648 289 2725 rivellen,
308 2669 371 2726 quat
384 2645 690 2721 hicaninrarlvcrtcrim,
710 2667 771 2706 non
792 2649 955 2726 epistolum,
976 2648 1024 2710 sed
1042 2648 1113 2710 volu·

145 2750 212 2794 men
226 2733 433 2797 conscriberem.
473 2728 625 2792 Reservabo
646 2732 739 2808 itnqvc
754 2731 842 2792 multa
865 2736 894 2793 in
912 2731 1064 2794 adventum
1077 2750 1112 2792 tur

119 2877 122 2882 ,,
148 2832 209 2885 ιιιιι,
229 2833 323 2874 coram
337 2812 481 2877 narranda.
521 2816 593 2874 Hinc
607 2833 694 2894 nugas
708 2816 856 2894 cognosces
871 2833 971 2897 agere,
1004 2818 1053 2893 qvi
1070 2814 1114 2874 nii

150 2895 315 2969 retulerunt,
332 2914 420 2956 cornu
430 2895 497 2957 illud
508 2899 545 2956 eb
560 2900 616 2956 ιἰιιι
637 2914 713 2974 perte
736 2895 835 2958 frontis
857 2901 886 2960 in
903 2917 1012 2960 motem
1033 2899 1112 2958 erista

142 2981 219 3040 Galli
236 2979 322 3040 lndici
332 2980 505 3058 pendulum,
523 2981 568 3038 tui
583 2979 658 3040 aliud
681 2980 716 3038 rb
745 2980 876 3040 inferiore
896 2981 1011 3062 gingiva
1031 2979 1113 3042 finiit

144 3060 316 3143 respondere.
355 3062 478 3122 Unicum
493 3061 600 3135 saltem,
619 3079 650 3122 nt
663 3062 730 3132 dixi,
751 3062 863 3124 dentem
874 3063 1130 3138 ιιιιιιειίὶιῑιιιδιι,Ι

142 3163 264 3224 eumque
278 3145 350 3204 rcffl
365 3142 440 3204 linea
456 3143 651 3223 'aprotntrscidc
665 3145 807 3206 extensum
821 3167 856 3206 eo
879 3146 975 3221 modo,
997 3168 1055 3228 qvo
1071 3148 1113 3208 lli·

144 3225 224 3304 phire
239 3223 317 3307 pistis
330 3223 454 3309 gladium
470 3226 563 3299 sunm,
584 3231 680 3306 prinei
697 3226 808 3291 sermm.
850 3229 904 3290 Sed
917 3248 1022 3292 coram·
1032 3229 1114 3311 ingo·

143 3307 174 3370 ia
187 3309 510 3390 accuratiutpetseqnnr.
550 3309 628 3386 Quia
649 3329 715 3370 vero
730 3311 798 3370 stite
818 3310 962 3386 de'srdctns,
979 3335 1043 3396 quae
1068 3315 1113 3376 aiii

144 3407 203 3452 tam
218 3409 323 3454 veteres
337 3411 420 3470 qvam
438 3392 570 3452 neoterici
588 3393 640 3453 ire
659 3394 731 3466 dere
746 3389 918 3474 scripserint,
948 3401 1041 3478 varies
1066 3398 1113 3456 tibi

144 3473 291 3538 roninne
303 3473 406 3558 pulsem
419 3476 563 3553 nidores,
582 3475 631 3558 qvi
657 3496 693 3538 ex
713 3474 832 3566 proftdo
848 3477 904 3540 hoc
927 3483 1055 3561 egomet
1075 3477 1117 3540 sed

587 3605 591 3614 .
892 3603 896 3608 -
1076 3580 1119 3626 “e
