2318 4096
202 165 365 245 Eunu
400 155 867 268 nun-'nrlsrotm
947 189 1021 270 ,ιι
1091 129 1098 146 ”

45 337 90 404 sna
107 341 212 423 fretum
224 343 314 402 Daris
328 340 401 403 haud
419 342 617 420 infrequentia.-
639 341 723 421 idque
739 361 790 421 pto
818 361 961 425 comperto
976 344 1025 407 ha·
1079 341 1081 348 ‘

44 427 108 492 beo.
152 429 293 486 Haeccunt
310 427 399 510 glaeie
414 425 601 486 Orbnlandica
618 424 769 504 aliqnando
785 427 814 485 in
829 425 1025 492 lssandiantdet
1111 449 1115 459 ’

45 509 145 585 fertur,
166 510 241 570 &ab
251 511 348 570 incolis
365 509 454 588 vulgo
471 505 717 568 Nihvalvoeatur.
739 519 833 578 ,Naar
867 513 941 570 tnir'n
970 514 1024 572 illia

43 595 265 664 cadaver-notat,
288 593 361 652 Hoal
375 594 521 652 cetumlett
534 591 677 656 balanam.
725 595 768 652 Ita
788 611 854 659 vero
879 611 1023 671 vocatur,
1083 641 1086 648 .

46 677 120 756 qvod
136 675 313 736 cadaveribus
326 675 446 734 aliorum
460 674 622 734 animalium
644 672 782 736 vestatura
824 679 901 736 Caro
923 679 983 760 ejus
998 701 1024 742 er

46 759 117 820 dulia
134 759 250 829 nonest,
269 758 315 819 scd
331 775 477 830 venenata,
498 754 615 815 mortem
627 758 770 824 edentibus
785 760 950 838 accelerans.
990 767 1025 824 ln

47 839 131 918 hujus
146 843 186 901 rei
202 843 393 922 cognitionem
409 858 474 899 ante
493 838 602 917 aliquot
616 859 703 898 annos
737 841 800 902 casu
819 843 916 904 deveni
925 860 935 918 ς
958 863 1023 908 cum

47 929 121 985 enim
138 927 198 989 Dn.
220 925 398 982 'Cancellario
414 919 492 999 Fsissu
503 939 531 999 p.
540 941 579 984 ιιι.
593 919 709 982 adessem
727 943 762 982 eu
784 943 909 1004 ternpore
932 969 944 1000 ,
964 948 1024 1007 qno

37 1005 144 1088 'hospes
160 1008 246 1070 veliet
260 1003 414 1066 ilafnienlis
424 1024 489 1064 cum
506 1001 585 1064 sociis
599 1006 651 1066 iter
666 1008 697 1066 in
720 1007 921 1070 Grbnlalnliatn
938 1013 1023 1072 medi·

47 1094 174 1164 tabatut,
194 1093 224 1150 in
242 1089 372 1150 familiari
394 1088 536 1166 colloquio
559 1084 685 1168 supinam
708 1086 727 1148 h
747 1091 853 1150 minum
869 1093 1024 1154 nostrorum

47 1107 1041 1334 arctim:muntinmir-

122 1311 130 1331 a
454 1293 463 1325 ἶ
515 1315 522 1321 α
1007 1293 1020 1312 ”

46 1300 158 1418 Ιιιιιιίιι,Ι
176 1336 352 1417 asportassent
368 1381 378 1410 ,
397 1339 501 1398 nullam
513 1336 600 1396 aliana
615 1338 689 1399 iilius
703 1338 823 1404 animast
840 1363 951 1425 partem
971 1363 1022 1407 aut
1143 1387 1147 1396 -

45 1424 200 1484 membrum
216 1441 271 1482 una
285 1421 445 1495 attulilient,
459 1440 495 1480 ex
511 1439 568 1500 qvo
582 1420 764 1487 controversia
779 1425 824 1486 illa
844 1445 903 1488 tam
920 1429 1024 1490 nobilia
1097 1463 1101 1474 ·

45 1507 132 1568 decidi
145 1501 242 1584 pollet,
262 1505 411 1585 qualenam
427 1501 696 1586 meramnaiqvol
717 1507 768 1568 isla
783 1513 902 1590 gestaret
910 1531 1024 1574 cornua.

44 1591 202 1655 Tuncille:
223 1588 570 1672 Eugebone,.rcspondit,
597 1588 658 1648 noli
682 1589 751 1654 adeo
770 1595 879 1654 nostros
909 1597 1023 1658 incuria

42 1690 90 1734 aut
105 1672 282 1754 negligenti:
298 1671 421 1733 incusare
434 1702 441 1732 r
466 1672 627 1736 Monstrabo
643 1671 693 1732 tibi
709 1690 871 1750 capuceum
889 1695 977 1740 cornu
987 1680 1021 1738 ab

43 1753 105 1836 ipsit
120 1758 245 1828 allatum,
264 1774 299 1815 ex
314 1757 371 1837 qvo
384 1755 471 1836 quale
486 1754 518 1816 fit
532 1753 637 1814 animal
656 1773 687 1814 tu
702 1755 773 1816 mihi
795 1753 889 1823 effare.
929 1765 1023 1822 Larua

42 1858 115 1921 ego,
137 1836 249 1900 summis
264 1838 391 1920 precibua
407 1837 538 1900 contendi
554 1835 711 1916 promissum
728 1858 766 1899 ne
778 1835 1023 1923 'differrengratiut

18 1979 20 1984 .
41 1925 89 1984 vix
105 1923 258 2006 quicquam
271 1922 391 2001 praenati
406 1919 475 2000 mihi
492 1918 564 2001 polle
578 1915 704 1986 afferens.
744 1921 842 1982 Alieni
851 1925 938 2005 igitur
945 1945 1023 1988 cura·
1070 1967 1077 1983 .

42 2008 83 2068 vit
96 2007 246 2079 cranium,
267 2006 312 2064 cui
330 2001 421 2066 adhuc
437 1999 547 2065 adhafit
561 2003 680 2081 putatitii
693 2023 782 2066 cornu
800 2005 937 2082 frustum,
956 2029 1022 2088 quat

41 2109 109 2152 tuor
123 2088 206 2169 pedet
223 2089 530 2170 Romanotlupertns„
552 2088 612 2168 Ego
627 2104 682 2165 pra
705 2088 808 2170 gaudio
830 2109 875 2150 me
899 2095 1024 2155 contine·

43 2189 76 2233 te
89 2191 149 2232 non
166 2173 256 2250 potui,
276 2172 345 2249 quin
361 2171 453 2230 ilatim
469 2168 643 2230 lustrandum
657 2172 830 2250 arriperetur
859 2176 1024 2238 Invenicra.

43 2258 124 2316 nium
138 2254 193 2315 lroc
215 2257 246 2313 in
268 2255 398 2313 omnibus
416 2271 481 2312 cutn
503 2251 671 2314 balanatum
684 2256 784 2315 craniia
815 2259 972 2332 eonvenite,
992 2263 1023 2321 in
1067 2320 1071 2326 ,

43 2339 148 2401 vertice
162 2337 297 2396 foramina
307 2335 487 2416 ejaculatoria
498 2338 527 2396 in
534 2333 657 2413 palatum
672 2333 838 2412 desinentia,
858 2358 907 2417 per
921 2361 982 2418 qua
991 2361 1024 2403 ut

44 2421 107 2482 alia
123 2420 236 2481 balaenae
254 2418 378 2481 haustam
393 2437 494 2498 aquam
510 2415 641 2495 ejaculari
651 2415 754 2478 solebat
767 2419 882 2484 animal.
924 2425 1024 2488 Comu

44 2504 221 2583 attonsum,
242 2503 314 2564 nihil
329 2505 423 2563 minut
436 2497 488 2561 else
502 2498 670 2580 deprehendi
691 2544 702 2573 ,
722 2501 767 2562 sed
785 2502 1022 2584 dentem-quem

29 2588 159 2668 ,quidem
174 2587 288 2646 unicum
296 2604 329 2645 ac
352 2583 442 2644 solum
458 2583 558 2654 habet,
578 2603 613 2642 ex
630 2582 731 2644 finistta
753 2601 829 2662 parte
854 2587 1023 2650 mandibula

43 2670 191 2750 superioris
206 2687 329 2731 enatum.
373 2668 444 2729 Petii
456 2666 587 2747 tantisper
600 2667 660 2746 ejus
668 2665 738 2726 mihi
752 2665 809 2728 lieri
831 2669 940 2748 copiam
961 2709 973 2742 ,
991 2691 1023 2734 ut

45 2775 66 2830 a¹
77 2753 185 2834 pictore
200 2749 415 2813 domidelineari
429 2748 525 2829 posset,
546 2761 632 2827 utque
655 2752 808 2810 accuratius
825 2748 929 2833 lingula
943 2756 1025 2817 tima-

48 2858 101 2912 ιιι,
118 2847 191 2897 cunt
207 2837 322 2895 tetellet
336 2835 471 2894 momenti
485 2852 543 2892 non
557 2833 661 2913 exigui.
703 2831 843 2894 Concelsrt
867 2838 1025 2918 benignirfit

47 2939 111 2982 mua
128 2921 238 2978 Heron.-
258 2937 312 2999 ego
328 2937 394 2977 mox
407 2916 539 2994 pisiorem
553 2915 686 2988 conduxi,
704 2917 754 2994 qui
768 2918 862 2982 eudem
879 2919 1025 3002 planequa
1134 2985 1137 2992 ¹

45 3021 107 3066 erat
120 2998 207 3081 figura
224 3005 252 3061 bt
268 3001 457 3082 magnitudine
471 3016 597 3058 accurate
614 2998 679 3058 satit
693 3000 840 3078 exprerfit,
857 3021 939 3081 quarn
955 3009 1031 3065 ima·

44 3090 142 3169 ginem
159 3085 188 3143 in
205 3079 301 3144 Museo
316 3084 405 3156 servo,
426 3086 471 3153 &‚
492 3079 579 3141 finon
600 3081 834 3158 animadvcnissi,
853 3103 918 3145 cum
940 3087 1025 3150 rediet
1117 3131 1118 3134 κ

43 3173 96 3244 ris,
114 3167 259 3227 ostendam
273 3186 329 3227 una
342 3185 406 3228 cum
422 3166 490 3224 corii
505 3164 639 3244 particula
660 3206 671 3237 ,
701 3183 783 3241 qvam
806 3183 866 3226 tunt
891 3186 907 3226 e
928 3175 1026 3232 cronio
1080 3185 1081 3190 ’

41 3248 149 3324 evulsi,
166 3266 197 3310 ut
210 3252 355 3327 internata
380 3266 442 3306 mea
463 3249 632 3312 asservatem.
678 3249 755 3308 Dum
781 3250 849 3308 meir
870 3251 900 3308 in
922 3253 1026 3316 aedibus
1049 3279 1050 3282 ¹

40 3333 141 3400 adhuc
155 3328 335 3394 asservabatur
349 3332 486 3404 tranium,
502 3332 606 3389 amicos
621 3331 772 3410 convocavi
785 3330 910 3392 literatos
936 3339 962 3394 lit
977 3355 1025 3398 tu·

35 3417 150 3488 ¹tiosos,
169 3411 301 3492 studiosos
316 3431 445 3497 praterea
461 3414 606 3486 Medicinae
619 3434 696 3474 meos
713 3410 873 3491 discipulos,
893 3431 925 3490 ut
941 3423 1025 3482 testae

37 3499 119 3566 anibi
132 3494 221 3560 elsent
235 3499 324 3578 illiue,
341 3515 424 3582 qvam
441 3496 603 3572 meditabar,
616 3495 699 3578 hujus
710 3497 800 3560 demit
822 3496 1028 3578 delineationit,
1137 3533 1141 3542 =
