2326 4110
123 287 124 292 p
220 177 298 280 9¹4
397 163 402 176 ·
497 155 892 254 ounrwouu‘u

222 347 264 408 nii
280 337 368 419 dotes}
388 343 455 408 inte
469 348 561 428 potius
576 331 704 423 elucere,
715 351 865 422 ¹tenuitatis
883 371 952 414 rneae
973 354 1061 420 mihi,
1074 354 1114 420 eor

224 430 390 510 lgnoscam,
411 449 521 510 tueque
532 432 629 491 virtuti
644 435 800 514 eonomine
815 436 948 516 gratulari
966 443 1074 510 merito
1082 444 1114 505 de

131 575 132 582 χ
222 529 319 575 tamen
334 533 392 573 nun
405 511 509 595 pollum
528 534 597 588 nnn,
614 533 679 575 cum
699 515 774 578 aliud
788 516 862 578 haud
881 518 1110 600 suppetat,·1am

223 595 292 667 uolo
309 593 418 672 affectui
433 601 460 657 &
476 597 600 658 humanu
614 600 737 677 alloquio
755 613 853 662 mutuo
873 606 998 682 alloquio
1025 609 1114 688 respot

224 679 335 740 veniam
351 679 448 760 petens'
462 679 587 754 interim,
606 679 625 740 fi
641 680 693 742 hac
708 683 868 764 importuna
884 687 977 748 forsan
1009 692 1114 772 interpe

133 835 135 838 Ι
223 783 261 834 ne
280 761 482 824 asererionltus
498 782 661 826 avocavere.
703 767 1114 844 Exquodivinumtunmdea

175 909 182 926 ,
220 845 292 926 fibus
306 864 376 922 optu
394 847 469 908 dono
483 843 659 922 Clarifitmei
678 851 781 927 accepi,
796 850 876 910 avide
890 854 958 914 illud
974 852 1091 917 lustravi

193 949 196 956 “
225 930 272 1012 gi,
296 927 407 1012 vidiqqe
422 931 451 988 in
470 949 504 988 cn
521 927 592 987 nihil
609 927 787 1006 proletarium
804 932 933 1016 nihilque
949 936 1077 1017 vulgate,
1100 939 1114 997 fi

225 1009 367 1074 ficillimus
379 1011 454 1073 casus
463 1008 540 1070 tanti
555 1010 718 1070 dexteritate
726 1013 898 1087 enucleatos,
918 1036 996 1080 tanta
1009 1020 1111 1082 felicita

187 1163 188 1168 η
223 1093 310 1165 ratos,
330 1103 428 1175 totque
445 1089 678 1154 observationibus
694 1099 761 1155 raris
787 1101 813 1156 &
838 1099 975 1179 preclaris
998 1123 1070 1182 opus
1086 1125 1114 1164 cr

221 1197 302 1250 tum,
321 1198 353 1239 ut
365 1180 399 1241 de
409 1185 484 1239 novo'
499 1173 657 1254 AEsculapio
669 1176 716 1238 fibi
731 1181 829 1239 merito
845 1181 979 1263 gratulari
993 1184 1075 1263 pellit
1091 1208 1114 1246 nr

222 1264 253 1325 la
269 1259 362 1339 ltalia,
382 1255 507 1323 scdtolut
521 1261 668 1340 Europatut
684 1263 769 1332 orbis,
783 1282 838 1342 qua
854 1265 952 1340 litera,
972 1288 1029 1347 qua
1056 1269 1114 1331 Med

180 1361 184 1368 “
221 1349 295 1409 sacta
308 1345 480 1424 pertingunt.
520 1341 729 1423 Quod&grate
754 1345 892 1426 agnoviffc
910 1349 1039 1412 videntur
1058 1355 1114 1412 Ger

223 1429 273 1510 qui
290 1427 461 1487 Francofurti
477 1425 548 1503 typis
564 1424 658 1484 nitidis
673 1427 736 1486 satis
752 1427 779 1487 δι’
795 1426 889 1508 liguris
902 1433 986 1493 eneis
1002 1433 1069 1500 illud
1079 1453 1114 1494 an:

214 1525 292 1574 'num
308 1510 396 1571 rursus
411 1509 591 1586 excuderunt,
611 1525 694 1587 teque
709 1509 763 1569 hot
773 1511 832 1589 ipso
855 1515 890 1576 ad
915 1514 1024 1595 reliqua
1048 1538 1114 1579 conn

222 1598 310 1660 canda
321 1595 499 1658 'animaruntz
518 1609 624 1650 cumex
638 1592 717 1652 ltalia
728 1613 785 1652 non
800 1594 1114 1683 suppeterent'exernpla

212 1681 333 1742 'avidam
350 1677 493 1738 donorum
508 1671 650 1751 explerent
663 1678 775 1736 lamem.
817 1681 904 1758 Perge
918 1683 1015 1763 igitur,
1024 1686 1075 1745 Vir
1089 1703 1113 1744 nt

222 1783 281 1831 non
296 1763 351 1826 tibi
366 1759 455 1820 solunt
470 1761 497 1818 8(
514 1753 610 1829 trufis,
630 1757 675 1818 scd
688 1760 741 1818 toti
759 1760 818 1819 orbi
833 1781 940 1834 cancre,
963 1771 991 1824 &
1017 1786 1080 1844 quae
1092 1767 1114 1825 in

164 1909 169 1920 ,
223 1849 276 1908 teis
292 1865 371 1909 tenes
389 1843 471 1924 hujus
488 1839 595 1921 generis
611 1857 773 1921 argumenta
799 1883 807 1914 ‚
835 1842 892 1905 luti
916 1867 974 1908 non
994 1851 1114 1912 invidete

220 1932 313 1992 minus
330 1946 454 2008 promtus
472 1923 555 1984 habes
572 1923 698 1983 vestrates
709 1924 877 2004 typothetae,
893 1947 1004 2006 paratos
1021 1938 1048 1992 δι
1069 1949 1114 2012 gra

219 2014 271 2074 tibi
278 2011 446 2072 exhibebunt
461 2004 710 2080 Francolunenses,
725 2027 857 2090 auguror,
876 2031 940 2072 curu
956 2033 991 2074 ex
1015 2033 1105 2096 ungue

219 2114 285 2176 nem
306 2095 362 2175 jam
378 2089 572 2173 cognoverint.
614 2092 762 2168 Magnum,
781 2093 862 2154 crede
879 2093 950 2155 milri
965 2139 977 2170 ,
995 2100 1114 2160 incrcmu

144 2181 149 2198 '¹
220 2177 288 2240 hinc
301 2195 344 2235 ars
358 2177 448 2236 nostra
462 2172 562 2251 capiet,
584 2171 781 2250 quamplurimi
810 2193 916 2246 errores
936 2179 1110 2261 detegentur,

219 2279 275 2340 quc
284 2261 406 2320 nominis
423 2258 495 2316 fama
511 2253 613 2315 nonai
630 2255 732 2315 Arcton
746 2256 843 2333 solam,
864 2259 910 2322 scd
934 2269 962 2324 &
982 2264 1111 2326 extt'cmct

122 2371 124 2376 ’
217 2359 357 2414 ramaneat
367 2349 397 2404 ,δι
409 2341 491 2400 Indos
506 2332 626 2417 gloriose*
641 2335 695 2396 hoc
710 2341 795 2407 modo
808 2345 1016 2425 propagabitur.
1057 2351 1114 2410 cn·

219 2430 341 2494 decanto
355 2427 450 2487 favore
464 2421 640 2498 amicitiaque
654 2425 788 2500 rualerin
803 2423 873 2486 mihi
895 2431 1032 2508 gratulor,
1053 2427 1114 2492 affici

217 2507 307 2583 cisfim
319 2507 436 2573 offerens
450 2521 577 2588 prompm
593 2517 752 2586 parataque,
765 2505 893 2588 nihilque
907 2515 984 2590 prius
1006 2517 1037 2574 in
1056 2513 1114 2577 vetis

167 2679 171 2683 ,
217 2612 297 2690 benc,
317 2631 399 2696 quant
413 2630 444 2671 ut
461 2581 623 2704 dtrrialprc
643 2605 707 2667 loeo
728 2609 763 2669 ad
779 2625 807 2668 tc
832 2605 933 2671 delecti
958 2615 1052 2675 nostra
1078 2610 1114 2690 pol

217 2695 343 2783 tantique
356 2702 568 2780 Virincnsurqm
583 2700 698 2776 amitam
712 2697 811 2759 subire.
868 2701 971 2762 Verum
993 2704 1108 2766 locurum

216 2785 315 2846 stantia
331 2790 358 2845 &
373 2784 550 2846 tabellionum
564 2777 722 2854 difficultas,
735 2801 793 2860 quo
807 2783 897 2840 minua
921 2788 1068 2849 commode
1081 2782 1114 2844 fier

206 2866 491 2960 poffityinrpcdiunt.
534 2871 663 2927 Attamen
677 2863 694 2924 li
708 2866 756 2943 qui
774 2865 838 2923 hinc
854 2863 888 2924 ad
912 2887 962 2931 vos
984 2883 1114 2931 excurrant

148 2979 153 2990 „
216 2945 332 3026 iltutus,
352 2969 399 3011 aut
417 2952 582 3014 facultatem·
593 2948 822 3028 suppeditaverint
839 2952 955 3009 Fuireait'
980 2955 1097 3024 reduces,

189 3095 191 3106 ,
213 3056 274 3096 ratu
293 3029 533 3116 dabpputlcnlim
556 3033 620 3112 quil
647 3025 786 3098 afferatur.
815 3025 954 3112 ¹Effigiem
969 3037 1079 3097 interim
1099 3047 1114 3090 a

148 3119 149 3122 ’
213 3138 372 3180 anteannos
386 3117 525 3198 plusculos
539 3113 698 3201 exprelfam,
719 3114 859 3195 querenti
880 3116 992 3193 quidem
1009 3140 1067 3181 non
1081 3117 1114 3184 eu

211 3203 244 3280 in
257 3224 336 3266 tuum
352 3203 499 3282 recipiatur
510 3197 701 3279 politiss'rnrum
716 3197 860 3270 Museum;
883 3205 1054 3281 verumquia
1068 3205 1100 3262 ita

164 3278 169 3291 ’
203 3301 266 3358 eet,
288 3281 386 3346 lubens
401 3284 655 3356 concedo,mut'ua?c
668 3281 699 3346 in
719 3279 775 3342 lroc
801 3298 832 3341 ut
855 3283 963 3364 praestes
988 3289 1076 3360 vicet,
1095 3301 1114 3340 n

148 3385 151 3406 ¹
203 3365 349 3452 flagitans.
384 3367 445 3444 ¹Sed
461 3365 582 3442 quattibi
598 3363 708 3426 reddant
725 3384 816 3446 grates
841 3386 892 3447 pro
914 3385 983 3445 tuo,
1003 3366 1114 3448 quodin

209 3451 357 3532 ,exlpcstm
379 3450 409 3508 de
426 3450 509 3527 Fungi
522 3463 613 3527 mappa
630 3446 730 3508 celebri
751 3447 985 3528 hypomnemate,
1017 3459 1044 3512 &
1066 3447 1114 3510 rari

197 3532 396 3595 thesaurum
414 3533 527 3594 Naturae
541 3531 688 3614 partubus,
709 3551 780 3610 quor
802 3533 880 3596 meus
916 3535 987 3597 feret
1011 3529 1114 3596 Bartholr'

1102 3611 1114 3696 jr
