<?xml version="1.0" encoding="UTF-8"?>
<!DOCTYPE html PUBLIC "-//W3C//DTD XHTML 1.0 Transitional//EN"
    "http://www.w3.org/TR/xhtml1/DTD/xhtml1-transitional.dtd">
<html xmlns="http://www.w3.org/1999/xhtml" xml:lang="en" lang="en">
 <head>
  <title>
</title>
<meta http-equiv="Content-Type" content="text/html;charset=utf-8" />
  <meta name='ocr-system' content='tesseract 3.04.00' />
  <meta name='ocr-capabilities' content='ocr_page ocr_carea ocr_par ocr_line ocrx_word'/>
</head>
<body>
  <div class='ocr_page' id='page_1' title='image "./olaiwormiietade01bartgoog_0288.png"; bbox 0 0 2310 4088; ppageno 0'>
   <div class='ocr_carea' id='block_1_1' title="bbox 7 119 994 263">
    <p class='ocr_par' dir='ltr' id='par_1_1' title="bbox 7 119 994 263">
     <span class='ocr_line' id='line_1_1' title="bbox 7 119 994 263; baseline 0.013 -14"><span class='ocrx_word' id='word_1_1' title='bbox 7 163 13 177; x_wconf 65' lang='grc'><strong><em>“</em></strong></span> <span class='ocrx_word' id='word_1_2' title='bbox 132 171 355 256; x_wconf 66' lang='grc' dir='ltr'>ΕΗΒ</span> <span class='ocrx_word' id='word_1_3' title='bbox 387 169 516 250; x_wconf 79' lang='lat' dir='ltr'>nutu</span> <span class='ocrx_word' id='word_1_4' title='bbox 560 119 867 256; x_wconf 66' lang='lat' dir='ltr'>nttsnolm</span> <span class='ocrx_word' id='word_1_5' title='bbox 923 179 994 263; x_wconf 74' lang='lat' dir='ltr'>tra</span> 
     </span>
    </p>
   </div>
   <div class='ocr_carea' id='block_1_2' title="bbox 8 344 1107 429">
    <p class='ocr_par' dir='ltr' id='par_1_2' title="bbox 8 344 1107 429">
     <span class='ocr_line' id='line_1_2' title="bbox 8 344 1107 429; baseline 0.001 -20"><span class='ocrx_word' id='word_1_6' title='bbox 8 345 183 428; x_wconf 65' lang='lat' dir='ltr'>frangerent,</span> <span class='ocrx_word' id='word_1_7' title='bbox 201 350 360 428; x_wconf 72' lang='lat' dir='ltr'>cettoenim</span> <span class='ocrx_word' id='word_1_8' title='bbox 367 347 393 418; x_wconf 84' lang='lat' dir='ltr'>se</span> <span class='ocrx_word' id='word_1_9' title='bbox 401 345 467 408; x_wconf 84' lang='lat' dir='ltr'>scite</span> <span class='ocrx_word' id='word_1_10' title='bbox 475 346 556 421; x_wconf 81' lang='lat' dir='ltr'>dixit,</span> <span class='ocrx_word' id='word_1_11' title='bbox 575 344 756 422; x_wconf 80' lang='lat' dir='ltr'>hocfifictet,</span> <span class='ocrx_word' id='word_1_12' title='bbox 773 344 1001 428; x_wconf 78' lang='lat' dir='ltr'>&amp;sedtrtliqvat</span> <span class='ocrx_word' id='word_1_13' title='bbox 1102 379 1107 429; x_wconf 57' lang='lat' dir='ltr'><em>g</em></span> 
     </span>
    </p>
   </div>
   <div class='ocr_carea' id='block_1_3' title="bbox 7 427 1031 1001">
    <p class='ocr_par' dir='ltr' id='par_1_3' title="bbox 7 427 1031 1001">
     <span class='ocr_line' id='line_1_3' title="bbox 7 427 1031 514; baseline 0 -22"><span class='ocrx_word' id='word_1_14' title='bbox 7 427 216 512; x_wconf 71' lang='lat' dir='ltr'>praesentissimo</span> <span class='ocrx_word' id='word_1_15' title='bbox 228 431 362 490; x_wconf 82' lang='lat' dir='ltr'>obnoxias</span> <span class='ocrx_word' id='word_1_16' title='bbox 370 435 475 490; x_wconf 81' lang='lat' dir='ltr'>futuras</span> <span class='ocrx_word' id='word_1_17' title='bbox 483 431 617 510; x_wconf 77' lang='lat' dir='ltr'>periculo.</span> <span class='ocrx_word' id='word_1_18' title='bbox 665 436 762 493; x_wconf 83' lang='lat' dir='ltr'>Ovum</span> <span class='ocrx_word' id='word_1_19' title='bbox 777 428 866 491; x_wconf 68' lang='lat' dir='ltr'>hoca</span> <span class='ocrx_word' id='word_1_20' title='bbox 890 431 1000 514; x_wconf 82' lang='lat' dir='ltr'>vulgati</span> <span class='ocrx_word' id='word_1_21' title='bbox 1025 429 1031 436; x_wconf 70' lang='grc'><strong>“</strong></span> 
     </span>
     <span class='ocr_line' id='line_1_4' title="bbox 7 513 999 596; baseline -0.003 -22"><span class='ocrx_word' id='word_1_22' title='bbox 7 535 66 576; x_wconf 83' lang='lat' dir='ltr'>oro</span> <span class='ocrx_word' id='word_1_23' title='bbox 73 515 226 596; x_wconf 80' lang='lat' dir='ltr'>gallinaceo</span> <span class='ocrx_word' id='word_1_24' title='bbox 234 533 285 574; x_wconf 88' lang='lat' dir='ltr'>nec</span> <span class='ocrx_word' id='word_1_25' title='bbox 293 515 501 594; x_wconf 75' lang='lat' dir='ltr'>magnitudine,</span> <span class='ocrx_word' id='word_1_26' title='bbox 522 513 684 595; x_wconf 83' lang='lat' dir='ltr'>nccfigura,</span> <span class='ocrx_word' id='word_1_27' title='bbox 702 533 755 576; x_wconf 85' lang='lat' dir='ltr'>nec</span> <span class='ocrx_word' id='word_1_28' title='bbox 774 514 836 572; x_wconf 77' lang='lat' dir='ltr'>ullis</span> <span class='ocrx_word' id='word_1_29' title='bbox 851 513 941 576; x_wconf 85' lang='lat' dir='ltr'>differt</span> <span class='ocrx_word' id='word_1_30' title='bbox 956 533 999 574; x_wconf 82' lang='lat' dir='ltr'>act</span> 
     </span>
     <span class='ocr_line' id='line_1_5' title="bbox 7 594 1000 675; baseline 0.003 -19"><span class='ocrx_word' id='word_1_31' title='bbox 7 598 177 671; x_wconf 84' lang='lat' dir='ltr'>cidentibus,</span> <span class='ocrx_word' id='word_1_32' title='bbox 198 594 246 655; x_wconf 81' lang='lat' dir='ltr'>nist</span> <span class='ocrx_word' id='word_1_33' title='bbox 261 595 612 675; x_wconf 80' lang='lat' dir='ltr'>qvodjamcandotsolirus</span> <span class='ocrx_word' id='word_1_34' title='bbox 631 597 775 670; x_wconf 75' lang='lat' dir='ltr'>remiserit,</span> <span class='ocrx_word' id='word_1_35' title='bbox 801 613 834 656; x_wconf 81' lang='lat' dir='ltr'>ac</span> <span class='ocrx_word' id='word_1_36' title='bbox 857 597 1000 658; x_wconf 73' lang='lat' dir='ltr'>obscurius</span> 
     </span>
     <span class='ocr_line' id='line_1_6' title="bbox 12 678 998 764; baseline 0.001 -25"><span class='ocrx_word' id='word_1_37' title='bbox 12 678 54 752; x_wconf 78' lang='lat' dir='ltr'>bt,</span> <span class='ocrx_word' id='word_1_38' title='bbox 66 698 164 739; x_wconf 88' lang='lat' dir='ltr'>eorum</span> <span class='ocrx_word' id='word_1_39' title='bbox 179 680 274 754; x_wconf 85' lang='lat' dir='ltr'>instar,</span> <span class='ocrx_word' id='word_1_40' title='bbox 291 695 351 764; x_wconf 56' lang='lat' dir='ltr'>qva</span> <span class='ocrx_word' id='word_1_41' title='bbox 362 680 533 756; x_wconf 83' lang='lat' dir='ltr'>putredinem</span> <span class='ocrx_word' id='word_1_42' title='bbox 547 681 753 752; x_wconf 77' lang='lat' dir='ltr'>contraxerunt.</span> <span class='ocrx_word' id='word_1_43' title='bbox 794 682 900 740; x_wconf 81' lang='lat' dir='ltr'><strong>Mirum</strong></span> <span class='ocrx_word' id='word_1_44' title='bbox 913 696 998 752; x_wconf 86' lang='lat' dir='ltr'>certe,</span> 
     </span>
     <span class='ocr_line' id='line_1_7' title="bbox 12 757 999 841; baseline 0.003 -19"><span class='ocrx_word' id='word_1_45' title='bbox 12 763 90 838; x_wconf 80' lang='lat' dir='ltr'>qtbd</span> <span class='ocrx_word' id='word_1_46' title='bbox 117 757 183 821; x_wconf 75' lang='lat' dir='ltr'>&#39;iada</span> <span class='ocrx_word' id='word_1_47' title='bbox 212 759 243 820; x_wconf 80' lang='lat' dir='ltr'>sit</span> <span class='ocrx_word' id='word_1_48' title='bbox 265 803 274 834; x_wconf 91' lang='lat'>,</span> <span class='ocrx_word' id='word_1_49' title='bbox 299 758 326 820; x_wconf 88' lang='lat' dir='ltr'>sc</span> <span class='ocrx_word' id='word_1_50' title='bbox 349 779 429 820; x_wconf 85' lang='lat' dir='ltr'>antea</span> <span class='ocrx_word' id='word_1_51' title='bbox 452 763 598 832; x_wconf 82' lang='lat' dir='ltr'>duodecim</span> <span class='ocrx_word' id='word_1_52' title='bbox 617 757 746 841; x_wconf 82' lang='lat' dir='ltr'>pepetill&#39;e</span> <span class='ocrx_word' id='word_1_53' title='bbox 763 757 886 837; x_wconf 83' lang='lat' dir='ltr'>liberor,</span> <span class='ocrx_word' id='word_1_54' title='bbox 905 763 950 832; x_wconf 83' lang='lat' dir='ltr'>sed</span> <span class='ocrx_word' id='word_1_55' title='bbox 968 766 999 824; x_wconf 86' lang='lat' dir='ltr'>ira</span> 
     </span>
     <span class='ocr_line' id='line_1_8' title="bbox 7 840 1000 926; baseline 0.001 -20"><span class='ocrx_word' id='word_1_56' title='bbox 7 840 92 906; x_wconf 52' lang='lat' dir='ltr'>&#39;nubo</span> <span class='ocrx_word' id='word_1_57' title='bbox 100 847 246 926; x_wconf 68' lang='lat' dir='ltr'>puerperio</span> <span class='ocrx_word' id='word_1_58' title='bbox 255 863 312 903; x_wconf 88' lang='lat' dir='ltr'>tam</span> <span class='ocrx_word' id='word_1_59' title='bbox 326 843 473 903; x_wconf 83' lang='lat' dir='ltr'>crudeliter</span> <span class='ocrx_word' id='word_1_60' title='bbox 482 843 642 903; x_wconf 82' lang='lat' dir='ltr'>dilaniatam</span> <span class='ocrx_word' id='word_1_61' title='bbox 651 843 792 906; x_wconf 88' lang='lat' dir='ltr'>doloribus</span> <span class='ocrx_word' id='word_1_62' title='bbox 814 843 901 920; x_wconf 73' lang='lat' dir='ltr'>fuisse,</span> <span class='ocrx_word' id='word_1_63' title='bbox 916 863 1000 926; x_wconf 84' lang='lat' dir='ltr'>atqve</span> 
     </span>
     <span class='ocr_line' id='line_1_9' title="bbox 13 923 1001 1001; baseline 0.002 -13"><span class='ocrx_word' id='word_1_64' title='bbox 13 930 43 988; x_wconf 94' lang='lat' dir='ltr'>in</span> <span class='ocrx_word' id='word_1_65' title='bbox 52 930 118 991; x_wconf 87' lang='lat' dir='ltr'>hoc.</span> <span class='ocrx_word' id='word_1_66' title='bbox 164 923 334 988; x_wconf 83' lang='lat' dir='ltr'>Vetllltmam</span> <span class='ocrx_word' id='word_1_67' title='bbox 349 923 400 986; x_wconf 85' lang='lat' dir='ltr'>elle</span> <span class='ocrx_word' id='word_1_68' title='bbox 415 923 487 984; x_wconf 88' lang='lat' dir='ltr'>banc</span> <span class='ocrx_word' id='word_1_69' title='bbox 504 923 656 1001; x_wconf 80' lang='lat' dir='ltr'>ltillotiam,</span> <span class='ocrx_word' id='word_1_70' title='bbox 686 928 768 990; x_wconf 89' lang='lat' dir='ltr'>docet</span> <span class='ocrx_word' id='word_1_71' title='bbox 783 929 1001 990; x_wconf 81' lang='lat' dir='ltr'>lustramentum</span> 
     </span>
    </p>
   </div>
   <div class='ocr_carea' id='block_1_4' title="bbox 11 1001 1134 1090">
    <p class='ocr_par' dir='ltr' id='par_1_4' title="bbox 11 1001 1134 1090">
     <span class='ocr_line' id='line_1_10' title="bbox 11 1001 1134 1090; baseline 0.004 -21"><span class='ocrx_word' id='word_1_72' title='bbox 11 1010 180 1090; x_wconf 82' lang='lat' dir='ltr'>publicum,</span> <span class='ocrx_word' id='word_1_73' title='bbox 201 1012 285 1070; x_wconf 89' lang='lat' dir='ltr'>trium</span> <span class='ocrx_word' id='word_1_74' title='bbox 294 1009 416 1069; x_wconf 89' lang='lat' dir='ltr'>vitorum</span> <span class='ocrx_word' id='word_1_75' title='bbox 423 1007 475 1068; x_wconf 87' lang='lat' dir='ltr'>fide</span> <span class='ocrx_word' id='word_1_76' title='bbox 484 1007 631 1089; x_wconf 82' lang='lat' dir='ltr'>dignorum</span> <span class='ocrx_word' id='word_1_77' title='bbox 639 1012 763 1071; x_wconf 75' lang='lat' dir='ltr'>manibus</span> <span class='ocrx_word' id='word_1_78' title='bbox 774 1011 1000 1090; x_wconf 86' lang='lat' dir='ltr'>munitum‚qvod</span> <span class='ocrx_word' id='word_1_79' title='bbox 1106 1001 1108 1008; x_wconf 51' lang='grc'>’</span> <span class='ocrx_word' id='word_1_80' title='bbox 1123 1031 1134 1046; x_wconf 68' lang='grc'>”</span> 
     </span>
    </p>
   </div>
   <div class='ocr_carea' id='block_1_5' title="bbox 10 1090 1004 2497">
    <p class='ocr_par' dir='ltr' id='par_1_5' title="bbox 10 1090 1004 2497">
     <span class='ocr_line' id='line_1_11' title="bbox 11 1090 1001 1175; baseline 0.003 -23"><span class='ocrx_word' id='word_1_81' title='bbox 11 1112 68 1152; x_wconf 85' lang='lat' dir='ltr'>una</span> <span class='ocrx_word' id='word_1_82' title='bbox 77 1093 289 1171; x_wconf 81' lang='lat' dir='ltr'>cumpostttmo</span> <span class='ocrx_word' id='word_1_83' title='bbox 304 1111 358 1150; x_wconf 88' lang='lat' dir='ltr'>ovo</span> <span class='ocrx_word' id='word_1_84' title='bbox 367 1109 450 1169; x_wconf 85' lang='lat' dir='ltr'>penes</span> <span class='ocrx_word' id='word_1_85' title='bbox 462 1110 506 1150; x_wconf 89' lang='lat' dir='ltr'>me</span> <span class='ocrx_word' id='word_1_86' title='bbox 520 1093 567 1150; x_wconf 87' lang='lat' dir='ltr'>est.</span> <span class='ocrx_word' id='word_1_87' title='bbox 611 1093 783 1152; x_wconf 83' lang='lat' dir='ltr'>Naturaliter</span> <span class='ocrx_word' id='word_1_88' title='bbox 797 1090 850 1154; x_wconf 86' lang='lat' dir='ltr'>hoe</span> <span class='ocrx_word' id='word_1_89' title='bbox 868 1097 1001 1175; x_wconf 84' lang='lat' dir='ltr'>contigit·</span> 
     </span>
     <span class='ocr_line' id='line_1_12' title="bbox 10 1171 1002 1256; baseline 0.006 -24"><span class='ocrx_word' id='word_1_90' title='bbox 10 1173 51 1247; x_wconf 85' lang='lat' dir='ltr'>ie,</span> <span class='ocrx_word' id='word_1_91' title='bbox 72 1194 133 1234; x_wconf 89' lang='lat' dir='ltr'>non</span> <span class='ocrx_word' id='word_1_92' title='bbox 143 1176 271 1238; x_wconf 84' lang='lat' dir='ltr'>arbitror.</span> <span class='ocrx_word' id='word_1_93' title='bbox 286 1171 330 1242; x_wconf 86' lang='lat' dir='ltr'>sed</span> <span class='ocrx_word' id='word_1_94' title='bbox 346 1173 485 1256; x_wconf 80' lang='lat' dir='ltr'>ptaelligiit</span> <span class='ocrx_word' id='word_1_95' title='bbox 503 1175 644 1234; x_wconf 85' lang='lat' dir='ltr'>diabolicis</span> <span class='ocrx_word' id='word_1_96' title='bbox 661 1176 737 1237; x_wconf 82' lang='lat' dir='ltr'>adeo&#39;</span> <span class='ocrx_word' id='word_1_97' title='bbox 754 1175 907 1236; x_wconf 82' lang='lat' dir='ltr'>divexatam</span> <span class='ocrx_word' id='word_1_98' title='bbox 922 1174 1002 1238; x_wconf 83' lang='lat' dir='ltr'>foill&#39;t</span> 
     </span>
     <span class='ocr_line' id='line_1_13' title="bbox 12 1255 1002 1338; baseline 0.003 -20"><span class='ocrx_word' id='word_1_99' title='bbox 12 1258 169 1329; x_wconf 70' lang='lat' dir='ltr'>immittam,</span> <span class='ocrx_word' id='word_1_100' title='bbox 185 1255 313 1338; x_wconf 78' lang='lat' dir='ltr'>(dpattu</span> <span class='ocrx_word' id='word_1_101' title='bbox 323 1258 396 1316; x_wconf 91' lang='lat' dir='ltr'>enim</span> <span class='ocrx_word' id='word_1_102' title='bbox 406 1275 454 1336; x_wconf 88' lang='lat' dir='ltr'>pet</span> <span class='ocrx_word' id='word_1_103' title='bbox 461 1255 568 1336; x_wconf 80' lang='lat' dir='ltr'>aliqvot</span> <span class='ocrx_word' id='word_1_104' title='bbox 576 1257 740 1338; x_wconf 76' lang='lat' dir='ltr'>septimanas</span> <span class='ocrx_word' id='word_1_105' title='bbox 749 1257 776 1318; x_wconf 86' lang='lat' dir='ltr'>se</span> <span class='ocrx_word' id='word_1_106' title='bbox 783 1259 848 1320; x_wconf 86' lang='lat' dir='ltr'>loco</span> <span class='ocrx_word' id='word_1_107' title='bbox 857 1261 1002 1322; x_wconf 78' lang='lat' dir='ltr'>dimovere</span> 
     </span>
     <span class='ocr_line' id='line_1_14' title="bbox 11 1336 1001 1422; baseline 0.002 -22"><span class='ocrx_word' id='word_1_108' title='bbox 11 1337 87 1401; x_wconf 84' lang='lat' dir='ltr'>baud</span> <span class='ocrx_word' id='word_1_109' title='bbox 96 1340 207 1420; x_wconf 81' lang='lat' dir='ltr'>valuit)</span> <span class='ocrx_word' id='word_1_110' title='bbox 218 1361 290 1413; x_wconf 88' lang='lat' dir='ltr'>reor,</span> <span class='ocrx_word' id='word_1_111' title='bbox 305 1358 388 1420; x_wconf 86' lang='lat' dir='ltr'>atqve</span> <span class='ocrx_word' id='word_1_112' title='bbox 394 1358 445 1399; x_wconf 88' lang='lat' dir='ltr'>ova</span> <span class='ocrx_word' id='word_1_113' title='bbox 455 1336 512 1400; x_wconf 79' lang='lat' dir='ltr'>haec</span> <span class='ocrx_word' id='word_1_114' title='bbox 530 1359 563 1400; x_wconf 87' lang='lat' dir='ltr'>ea</span> <span class='ocrx_word' id='word_1_115' title='bbox 577 1360 636 1402; x_wconf 87' lang='lat' dir='ltr'>arte</span> <span class='ocrx_word' id='word_1_116' title='bbox 655 1338 808 1422; x_wconf 85' lang='lat' dir='ltr'>suppolita,</span> <span class='ocrx_word' id='word_1_117' title='bbox 828 1362 883 1421; x_wconf 84' lang='lat' dir='ltr'>qva</span> <span class='ocrx_word' id='word_1_118' title='bbox 897 1344 927 1402; x_wconf 90' lang='lat' dir='ltr'>in</span> <span class='ocrx_word' id='word_1_119' title='bbox 941 1341 1001 1402; x_wconf 91' lang='lat' dir='ltr'>abs·</span> 
     </span>
     <span class='ocr_line' id='line_1_15' title="bbox 12 1421 1001 1503; baseline 0.006 -21"><span class='ocrx_word' id='word_1_120' title='bbox 12 1421 129 1484; x_wconf 83' lang='lat' dir='ltr'>teffibut</span> <span class='ocrx_word' id='word_1_121' title='bbox 140 1425 304 1503; x_wconf 70' lang='lat' dir='ltr'>quandoque</span> <span class='ocrx_word' id='word_1_122' title='bbox 318 1425 496 1500; x_wconf 86' lang='lat' dir='ltr'>transportati</span> <span class='ocrx_word' id='word_1_123' title='bbox 510 1443 586 1496; x_wconf 79' lang='lat' dir='ltr'>acus,</span> <span class='ocrx_word' id='word_1_124' title='bbox 602 1423 696 1498; x_wconf 83' lang='lat' dir='ltr'>cultri,</span> <span class='ocrx_word' id='word_1_125' title='bbox 719 1425 871 1498; x_wconf 74' lang='lat' dir='ltr'>novacula,</span> <span class='ocrx_word' id='word_1_126' title='bbox 898 1424 1001 1488; x_wconf 69' lang='lat' dir='ltr'>insecta</span> 
     </span>
     <span class='ocr_line' id='line_1_16' title="bbox 10 1504 1004 1588; baseline 0.004 -22"><span class='ocrx_word' id='word_1_127' title='bbox 10 1504 124 1586; x_wconf 73' lang='lat' dir='ltr'>aliaque</span> <span class='ocrx_word' id='word_1_128' title='bbox 132 1507 192 1588; x_wconf 82' lang='lat' dir='ltr'>ejus</span> <span class='ocrx_word' id='word_1_129' title='bbox 200 1509 318 1588; x_wconf 79' lang='lat' dir='ltr'>generis,</span> <span class='ocrx_word' id='word_1_130' title='bbox 333 1505 368 1566; x_wconf 90' lang='lat' dir='ltr'>de</span> <span class='ocrx_word' id='word_1_131' title='bbox 380 1505 478 1582; x_wconf 79' lang='lat' dir='ltr'>quibus</span> <span class='ocrx_word' id='word_1_132' title='bbox 485 1506 598 1565; x_wconf 81' lang='lat' dir='ltr'>consule</span> <span class='ocrx_word' id='word_1_133' title='bbox 621 1507 719 1574; x_wconf 77' lang='lat' dir='ltr'>cornel.</span> <span class='ocrx_word' id='word_1_134' title='bbox 741 1518 881 1569; x_wconf 74' lang='lat' dir='ltr'>Garamum</span> <span class='ocrx_word' id='word_1_135' title='bbox 897 1519 1004 1582; x_wconf 64' lang='lat' dir='ltr'>(lostata-¹</span> 
     </span>
     <span class='ocr_line' id='line_1_17' title="bbox 10 1587 1000 1671; baseline 0.006 -24"><span class='ocrx_word' id='word_1_136' title='bbox 10 1589 69 1648; x_wconf 81' lang='lat' dir='ltr'>trit.</span> <span class='ocrx_word' id='word_1_137' title='bbox 92 1588 158 1654; x_wconf 79' lang='lat' dir='ltr'>libr.</span> <span class='ocrx_word' id='word_1_138' title='bbox 173 1587 653 1669; x_wconf 65' lang='lat' dir='ltr'>t.cap.§.ut&amp;lib.mcircafinem.</span> <span class='ocrx_word' id='word_1_139' title='bbox 693 1588 768 1650; x_wconf 89' lang='lat' dir='ltr'>Mihi</span> <span class='ocrx_word' id='word_1_140' title='bbox 776 1592 832 1671; x_wconf 86' lang='lat' dir='ltr'>jam</span> <span class='ocrx_word' id='word_1_141' title='bbox 841 1591 930 1652; x_wconf 85' lang='lat' dir='ltr'>otium</span> <span class='ocrx_word' id='word_1_142' title='bbox 939 1612 1000 1653; x_wconf 82' lang='lat' dir='ltr'>non</span> 
     </span>
     <span class='ocr_line' id='line_1_18' title="bbox 10 1669 1000 1755; baseline 0.005 -25"><span class='ocrx_word' id='word_1_143' title='bbox 10 1670 60 1743; x_wconf 82' lang='lat' dir='ltr'>cll,</span> <span class='ocrx_word' id='word_1_144' title='bbox 82 1670 189 1752; x_wconf 76' lang='lat' dir='ltr'>singula</span> <span class='ocrx_word' id='word_1_145' title='bbox 203 1673 337 1751; x_wconf 72' lang='lat' dir='ltr'>persequi,</span> <span class='ocrx_word' id='word_1_146' title='bbox 357 1689 417 1748; x_wconf 76' lang='lat' dir='ltr'>qva</span> <span class='ocrx_word' id='word_1_147' title='bbox 431 1669 524 1731; x_wconf 85' lang='lat' dir='ltr'>harde</span> <span class='ocrx_word' id='word_1_148' title='bbox 532 1693 561 1731; x_wconf 86' lang='lat' dir='ltr'>re</span> <span class='ocrx_word' id='word_1_149' title='bbox 569 1673 622 1732; x_wconf 90' lang='lat' dir='ltr'>dici</span> <span class='ocrx_word' id='word_1_150' title='bbox 630 1670 757 1752; x_wconf 66' lang='lat' dir='ltr'>poliunt}</span> <span class='ocrx_word' id='word_1_151' title='bbox 783 1676 892 1735; x_wconf 88' lang='lat' dir='ltr'>intento</span> <span class='ocrx_word' id='word_1_152' title='bbox 909 1675 1000 1755; x_wconf 71' lang='lat' dir='ltr'>digito</span> 
     </span>
     <span class='ocr_line' id='line_1_19' title="bbox 10 1749 1002 1836; baseline 0.001 -20"><span class='ocrx_word' id='word_1_153' title='bbox 10 1750 70 1816; x_wconf 81' lang='lat' dir='ltr'>hate</span> <span class='ocrx_word' id='word_1_154' title='bbox 80 1755 158 1813; x_wconf 88' lang='lat' dir='ltr'>intui</span> <span class='ocrx_word' id='word_1_155' title='bbox 174 1756 290 1836; x_wconf 84' lang='lat' dir='ltr'>gratiam</span> <span class='ocrx_word' id='word_1_156' title='bbox 298 1749 454 1814; x_wconf 79' lang='lat' dir='ltr'>monsttaffe</span> <span class='ocrx_word' id='word_1_157' title='bbox 469 1751 612 1816; x_wconf 81' lang='lat' dir='ltr'>suffecerit.</span> <span class='ocrx_word' id='word_1_158' title='bbox 655 1757 688 1813; x_wconf 87' lang='lat' dir='ltr'>ln</span> <span class='ocrx_word' id='word_1_159' title='bbox 705 1755 824 1816; x_wconf 87' lang='lat' dir='ltr'>Hilloria</span> <span class='ocrx_word' id='word_1_160' title='bbox 839 1758 926 1816; x_wconf 79' lang='lat' dir='ltr'>Musei</span> <span class='ocrx_word' id='word_1_161' title='bbox 944 1758 1002 1817; x_wconf 87' lang='lat' dir='ltr'>mei</span> 
     </span>
     <span class='ocr_line' id='line_1_20' title="bbox 15 1833 1000 1922; baseline 0.007 -28"><span class='ocrx_word' id='word_1_162' title='bbox 15 1835 142 1915; x_wconf 81' lang='lat' dir='ltr'>pluribus</span> <span class='ocrx_word' id='word_1_163' title='bbox 158 1836 211 1897; x_wconf 86' lang='lat' dir='ltr'>bac</span> <span class='ocrx_word' id='word_1_164' title='bbox 225 1837 297 1897; x_wconf 87' lang='lat' dir='ltr'>dett</span> <span class='ocrx_word' id='word_1_165' title='bbox 309 1838 363 1917; x_wconf 85' lang='lat' dir='ltr'>egi.</span> <span class='ocrx_word' id='word_1_166' title='bbox 404 1837 555 1914; x_wconf 72' lang='lat' dir='ltr'>Apologiam</span> <span class='ocrx_word' id='word_1_167' title='bbox 563 1833 743 1917; x_wconf 80' lang='lat' dir='ltr'>Tubingenfis</span> <span class='ocrx_word' id='word_1_168' title='bbox 768 1838 844 1899; x_wconf 81' lang='lat' dir='ltr'>illius</span> <span class='ocrx_word' id='word_1_169' title='bbox 859 1837 1000 1922; x_wconf 81' lang='lat' dir='ltr'>Theologi</span> 
     </span>
     <span class='ocr_line' id='line_1_21' title="bbox 13 1918 1001 1998; baseline 0.005 -21"><span class='ocrx_word' id='word_1_170' title='bbox 13 1919 87 1998; x_wconf 85' lang='lat' dir='ltr'>apud</span> <span class='ocrx_word' id='word_1_171' title='bbox 96 1919 303 1980; x_wconf 67' lang='lat' dir='ltr'>aminnium</span> <span class='ocrx_word' id='word_1_172' title='bbox 311 1919 378 1990; x_wconf 79' lang='lat' dir='ltr'>vidi,</span> <span class='ocrx_word' id='word_1_173' title='bbox 398 1923 433 1982; x_wconf 74' lang='lat' dir='ltr'>ab</span> <span class='ocrx_word' id='word_1_174' title='bbox 445 1918 628 1998; x_wconf 69' lang='lat' dir='ltr'>Austoreipio</span> <span class='ocrx_word' id='word_1_175' title='bbox 643 1918 834 1991; x_wconf 79' lang='lat' dir='ltr'>transmiiiam,</span> <span class='ocrx_word' id='word_1_176' title='bbox 850 1920 893 1982; x_wconf 88' lang='lat' dir='ltr'>sed</span> <span class='ocrx_word' id='word_1_177' title='bbox 908 1923 1001 1982; x_wconf 85' lang='lat' dir='ltr'>minua</span> 
     </span>
     <span class='ocr_line' id='line_1_22' title="bbox 15 1999 1001 2082; baseline 0.005 -22"><span class='ocrx_word' id='word_1_178' title='bbox 15 1999 62 2081; x_wconf 79' lang='lat' dir='ltr'>ipfi</span> <span class='ocrx_word' id='word_1_179' title='bbox 72 2002 184 2062; x_wconf 49' lang='lat' dir='ltr'>arridet,</span> <span class='ocrx_word' id='word_1_180' title='bbox 228 2002 285 2060; x_wconf 89' lang='lat' dir='ltr'>Ubi</span> <span class='ocrx_word' id='word_1_181' title='bbox 294 2001 434 2081; x_wconf 85' lang='lat' dir='ltr'>prodierit,</span> <span class='ocrx_word' id='word_1_182' title='bbox 455 2001 572 2080; x_wconf 81' lang='lat' dir='ltr'>qvaesub</span> <span class='ocrx_word' id='word_1_183' title='bbox 586 2003 670 2082; x_wconf 78' lang='lat' dir='ltr'>praelo</span> <span class='ocrx_word' id='word_1_184' title='bbox 683 2004 755 2080; x_wconf 84' lang='lat' dir='ltr'>apud</span> <span class='ocrx_word' id='word_1_185' title='bbox 773 2023 824 2065; x_wconf 83' lang='lat' dir='ltr'>nor</span> <span class='ocrx_word' id='word_1_186' title='bbox 840 2004 939 2078; x_wconf 85' lang='lat' dir='ltr'>fervet,</span> <span class='ocrx_word' id='word_1_187' title='bbox 957 2024 1001 2065; x_wconf 86' lang='lat' dir='ltr'>ac·</span> 
     </span>
     <span class='ocr_line' id='line_1_23' title="bbox 15 2081 1001 2168; baseline 0.005 -24"><span class='ocrx_word' id='word_1_188' title='bbox 15 2085 136 2144; x_wconf 79' lang='lat' dir='ltr'>curatius</span> <span class='ocrx_word' id='word_1_189' title='bbox 151 2081 365 2146; x_wconf 73' lang='lat' dir='ltr'>cundiadiseuisa</span> <span class='ocrx_word' id='word_1_190' title='bbox 379 2082 490 2144; x_wconf 84' lang='lat' dir='ltr'>videbis.</span> <span class='ocrx_word' id='word_1_191' title='bbox 533 2088 622 2146; x_wconf 89' lang='lat' dir='ltr'>Venio</span> <span class='ocrx_word' id='word_1_192' title='bbox 631 2085 687 2165; x_wconf 87' lang='lat' dir='ltr'>jam</span> <span class='ocrx_word' id='word_1_193' title='bbox 703 2085 737 2146; x_wconf 87' lang='lat' dir='ltr'>ad</span> <span class='ocrx_word' id='word_1_194' title='bbox 746 2106 795 2159; x_wconf 87' lang='lat' dir='ltr'>ea,</span> <span class='ocrx_word' id='word_1_195' title='bbox 821 2106 943 2168; x_wconf 82' lang='lat' dir='ltr'>quorum</span> <span class='ocrx_word' id='word_1_196' title='bbox 969 2086 1001 2149; x_wconf 85' lang='lat' dir='ltr'>fit</span> 
     </span>
     <span class='ocr_line' id='line_1_24' title="bbox 16 2167 1002 2245; baseline 0.006 -19"><span class='ocrx_word' id='word_1_197' title='bbox 16 2170 124 2228; x_wconf 85' lang='lat' dir='ltr'>mentio</span> <span class='ocrx_word' id='word_1_198' title='bbox 138 2168 169 2226; x_wconf 88' lang='lat' dir='ltr'>in</span> <span class='ocrx_word' id='word_1_199' title='bbox 183 2169 228 2242; x_wconf 82' lang='lat' dir='ltr'>iit,</span> <span class='ocrx_word' id='word_1_200' title='bbox 247 2185 315 2245; x_wconf 80' lang='lat' dir='ltr'>qvas</span> <span class='ocrx_word' id='word_1_201' title='bbox 330 2167 363 2228; x_wconf 79' lang='lat' dir='ltr'>ad</span> <span class='ocrx_word' id='word_1_202' title='bbox 375 2170 518 2227; x_wconf 81' lang='lat' dir='ltr'>Patentem</span> <span class='ocrx_word' id='word_1_203' title='bbox 533 2168 647 2230; x_wconf 75' lang='lat' dir='ltr'>dedisti.-</span> <span class='ocrx_word' id='word_1_204' title='bbox 676 2170 767 2230; x_wconf 80' lang='lat' dir='ltr'>orario</span> <span class='ocrx_word' id='word_1_205' title='bbox 786 2190 845 2231; x_wconf 85' lang='lat' dir='ltr'>mea</span> <span class='ocrx_word' id='word_1_206' title='bbox 863 2172 892 2230; x_wconf 75' lang='lat' dir='ltr'>dt</span> <span class='ocrx_word' id='word_1_207' title='bbox 908 2179 1002 2232; x_wconf 75' lang='lat' dir='ltr'>Barca·</span> 
     </span>
     <span class='ocr_line' id='line_1_25' title="bbox 15 2249 1002 2330; baseline 0.006 -22"><span class='ocrx_word' id='word_1_208' title='bbox 15 2249 142 2309; x_wconf 72' lang='lat' dir='ltr'>ituream</span> <span class='ocrx_word' id='word_1_209' title='bbox 155 2249 461 2330; x_wconf 81' lang='lat' dir='ltr'>notiprostatamplius,</span> <span class='ocrx_word' id='word_1_210' title='bbox 479 2270 531 2311; x_wconf 87' lang='lat' dir='ltr'>nec</span> <span class='ocrx_word' id='word_1_211' title='bbox 548 2250 617 2311; x_wconf 90' lang='lat' dir='ltr'>mihi</span> <span class='ocrx_word' id='word_1_212' title='bbox 639 2251 688 2312; x_wconf 81' lang='lat' dir='ltr'>nifi</span> <span class='ocrx_word' id='word_1_213' title='bbox 703 2253 814 2328; x_wconf 87' lang='lat' dir='ltr'>unicum</span> <span class='ocrx_word' id='word_1_214' title='bbox 844 2253 884 2314; x_wconf 83' lang='lat' dir='ltr'>cll</span> <span class='ocrx_word' id='word_1_215' title='bbox 910 2272 1002 2314; x_wconf 82' lang='lat' dir='ltr'>exem·</span> 
     </span>
     <span class='ocr_line' id='line_1_26' title="bbox 14 2331 1002 2412; baseline 0.005 -21"><span class='ocrx_word' id='word_1_216' title='bbox 14 2331 108 2410; x_wconf 77' lang='lat' dir='ltr'>plum,</span> <span class='ocrx_word' id='word_1_217' title='bbox 129 2351 186 2412; x_wconf 86' lang='lat' dir='ltr'>qvo</span> <span class='ocrx_word' id='word_1_218' title='bbox 196 2351 288 2405; x_wconf 84' lang='lat' dir='ltr'>catere</span> <span class='ocrx_word' id='word_1_219' title='bbox 298 2353 417 2410; x_wconf 77' lang='lat' dir='ltr'>nequeo.</span> <span class='ocrx_word' id='word_1_220' title='bbox 459 2335 562 2395; x_wconf 85' lang='lat' dir='ltr'>Hortut</span> <span class='ocrx_word' id='word_1_221' title='bbox 576 2332 710 2408; x_wconf 62' lang='lat' dir='ltr'>§iohannis</span> <span class='ocrx_word' id='word_1_222' title='bbox 723 2337 846 2411; x_wconf 74' lang='lat' dir='ltr'>Nitriai,</span> <span class='ocrx_word' id='word_1_223' title='bbox 867 2336 1002 2406; x_wconf 83' lang='lat' dir='ltr'>Consulit</span> 
     </span>
     <span class='ocr_line' id='line_1_27' title="bbox 16 2414 1001 2497; baseline 0.004 -24"><span class='ocrx_word' id='word_1_224' title='bbox 16 2415 179 2494; x_wconf 80' lang='lat' dir='ltr'>jamnollti,</span> <span class='ocrx_word' id='word_1_225' title='bbox 197 2416 267 2475; x_wconf 87' lang='lat' dir='ltr'>tanti</span> <span class='ocrx_word' id='word_1_226' title='bbox 278 2435 335 2475; x_wconf 88' lang='lat' dir='ltr'>non</span> <span class='ocrx_word' id='word_1_227' title='bbox 350 2433 419 2488; x_wconf 88' lang='lat' dir='ltr'>etat,</span> <span class='ocrx_word' id='word_1_228' title='bbox 441 2417 709 2494; x_wconf 78' lang='lat' dir='ltr'>qvantivoafacitis3</span> <span class='ocrx_word' id='word_1_229' title='bbox 729 2416 820 2478; x_wconf 81' lang='lat' dir='ltr'>bulbis</span> <span class='ocrx_word' id='word_1_230' title='bbox 830 2417 941 2497; x_wconf 79' lang='lat' dir='ltr'>quidem</span> <span class='ocrx_word' id='word_1_231' title='bbox 950 2414 1001 2477; x_wconf 82' lang='lat' dir='ltr'>flo-</span> 
     </span>
    </p>
   </div>
   <div class='ocr_carea' id='block_1_6' title="bbox 13 2495 1124 2662">
    <p class='ocr_par' dir='ltr' id='par_1_6' title="bbox 13 2495 1124 2662">
     <span class='ocr_line' id='line_1_28' title="bbox 13 2495 1093 2577; baseline 0.004 -21"><span class='ocrx_word' id='word_1_232' title='bbox 13 2515 75 2556; x_wconf 88' lang='lat' dir='ltr'>rum</span> <span class='ocrx_word' id='word_1_233' title='bbox 85 2500 258 2577; x_wconf 79' lang='lat' dir='ltr'>qvot‘undam</span> <span class='ocrx_word' id='word_1_234' title='bbox 268 2497 434 2572; x_wconf 85' lang='lat' dir='ltr'>abundabat,</span> <span class='ocrx_word' id='word_1_235' title='bbox 455 2497 579 2560; x_wconf 82' lang='lat' dir='ltr'>sednihil</span> <span class='ocrx_word' id='word_1_236' title='bbox 602 2517 692 2559; x_wconf 84' lang='lat' dir='ltr'>tatum</span> <span class='ocrx_word' id='word_1_237' title='bbox 712 2518 762 2558; x_wconf 85' lang='lat' dir='ltr'>aut</span> <span class='ocrx_word' id='word_1_238' title='bbox 778 2504 930 2572; x_wconf 78' lang='lat' dir='ltr'>exoticam,</span> <span class='ocrx_word' id='word_1_239' title='bbox 950 2495 1018 2560; x_wconf 51' lang='lat' dir='ltr'>ali?</span> <span class='ocrx_word' id='word_1_240' title='bbox 1089 2558 1093 2570; x_wconf 82' lang='grc'><em>,</em></span> 
     </span>
     <span class='ocr_line' id='line_1_29' title="bbox 14 2567 1124 2662; baseline 0.005 -22"><span class='ocrx_word' id='word_1_241' title='bbox 14 2579 97 2659; x_wconf 80' lang='lat' dir='ltr'>cujus</span> <span class='ocrx_word' id='word_1_242' title='bbox 111 2577 256 2659; x_wconf 81' lang='lat' dir='ltr'>qroderlet</span> <span class='ocrx_word' id='word_1_243' title='bbox 274 2567 421 2652; x_wconf 60' lang='lat' dir='ltr'>momenti}</span> <span class='ocrx_word' id='word_1_244' title='bbox 440 2577 605 2660; x_wconf 74' lang='lat' dir='ltr'>pollidcbatt</span> <span class='ocrx_word' id='word_1_245' title='bbox 622 2580 764 2656; x_wconf 70' lang='lat' dir='ltr'>jamvero,</span> <span class='ocrx_word' id='word_1_246' title='bbox 784 2603 816 2642; x_wconf 82' lang='lat' dir='ltr'>et</span> <span class='ocrx_word' id='word_1_247' title='bbox 825 2605 882 2662; x_wconf 86' lang='lat' dir='ltr'>qvo</span> <span class='ocrx_word' id='word_1_248' title='bbox 896 2581 1004 2644; x_wconf 88' lang='lat' dir='ltr'>Consu·</span> <span class='ocrx_word' id='word_1_249' title='bbox 1120 2611 1124 2615; x_wconf 69' lang='grc'><strong>’</strong></span> 
     </span>
    </p>
   </div>
   <div class='ocr_carea' id='block_1_7' title="bbox 10 2659 1078 3405">
    <p class='ocr_par' dir='ltr' id='par_1_7' title="bbox 10 2659 1078 3405">
     <span class='ocr_line' id='line_1_30' title="bbox 16 2659 1002 2743; baseline 0.006 -22"><span class='ocrx_word' id='word_1_250' title='bbox 16 2659 108 2722; x_wconf 84' lang='lat' dir='ltr'>latum</span> <span class='ocrx_word' id='word_1_251' title='bbox 117 2661 249 2731; x_wconf 86' lang='lat' dir='ltr'>obtinuit,</span> <span class='ocrx_word' id='word_1_252' title='bbox 269 2683 381 2723; x_wconf 86' lang='lat' dir='ltr'>omnem</span> <span class='ocrx_word' id='word_1_253' title='bbox 392 2662 492 2723; x_wconf 87' lang='lat' dir='ltr'>horum</span> <span class='ocrx_word' id='word_1_254' title='bbox 508 2681 600 2724; x_wconf 88' lang='lat' dir='ltr'>cutam</span> <span class='ocrx_word' id='word_1_255' title='bbox 611 2663 745 2743; x_wconf 83' lang='lat' dir='ltr'>scpoiuit,</span> <span class='ocrx_word' id='word_1_256' title='bbox 775 2683 805 2725; x_wconf 89' lang='lat' dir='ltr'>ut</span> <span class='ocrx_word' id='word_1_257' title='bbox 819 2663 891 2727; x_wconf 89' lang='lat' dir='ltr'>nihil</span> <span class='ocrx_word' id='word_1_258' title='bbox 907 2665 1002 2727; x_wconf 18' lang='lat' dir='ltr'>,ferme</span> 
     </span>
     <span class='ocr_line' id='line_1_31' title="bbox 17 2742 1002 2829; baseline 0.002 -25"><span class='ocrx_word' id='word_1_259' title='bbox 17 2742 120 2805; x_wconf 82' lang='lat' dir='ltr'>babeat</span> <span class='ocrx_word' id='word_1_260' title='bbox 135 2745 254 2825; x_wconf 71' lang='lat' dir='ltr'>spetiatu</span> <span class='ocrx_word' id='word_1_261' title='bbox 269 2744 404 2826; x_wconf 82' lang='lat' dir='ltr'>dignum·</span> <span class='ocrx_word' id='word_1_262' title='bbox 434 2746 487 2808; x_wconf 83' lang='lat' dir='ltr'>Sed</span> <span class='ocrx_word' id='word_1_263' title='bbox 495 2750 600 2808; x_wconf 79' lang='lat' dir='ltr'>Hortus</span> <span class='ocrx_word' id='word_1_264' title='bbox 615 2748 718 2829; x_wconf 86' lang='lat' dir='ltr'>Regius</span> <span class='ocrx_word' id='word_1_265' title='bbox 731 2766 796 2808; x_wconf 84' lang='lat' dir='ltr'>cura</span> <span class='ocrx_word' id='word_1_266' title='bbox 805 2749 937 2829; x_wconf 74' lang='lat' dir='ltr'>sperlingii</span> <span class='ocrx_word' id='word_1_267' title='bbox 944 2766 1002 2807; x_wconf 86' lang='lat' dir='ltr'>ma·</span> 
     </span>
     <span class='ocr_line' id='line_1_32' title="bbox 17 2828 1003 2918; baseline 0.006 -32"><span class='ocrx_word' id='word_1_268' title='bbox 17 2829 92 2896; x_wconf 64' lang='lat' dir='ltr'>tine</span> <span class='ocrx_word' id='word_1_269' title='bbox 110 2828 231 2905; x_wconf 80' lang='lat' dir='ltr'>superbit</span> <span class='ocrx_word' id='word_1_270' title='bbox 246 2828 374 2900; x_wconf 82' lang='lat' dir='ltr'>exoticis,</span> <span class='ocrx_word' id='word_1_271' title='bbox 394 2845 467 2889; x_wconf 87' lang='lat' dir='ltr'>utcx</span> <span class='ocrx_word' id='word_1_272' title='bbox 488 2828 621 2907; x_wconf 70' lang='lat' dir='ltr'>catalogi,</span> <span class='ocrx_word' id='word_1_273' title='bbox 642 2849 725 2907; x_wconf 82' lang='lat' dir='ltr'>qvem</span> <span class='ocrx_word' id='word_1_274' title='bbox 748 2831 837 2905; x_wconf 89' lang='lat' dir='ltr'>mitto,</span> <span class='ocrx_word' id='word_1_275' title='bbox 864 2831 955 2918; x_wconf 60' lang='lat' dir='ltr'>videte</span> <span class='ocrx_word' id='word_1_276' title='bbox 968 2830 1003 2892; x_wconf 87' lang='lat' dir='ltr'>lit</span> 
     </span>
     <span class='ocr_line' id='line_1_33' title="bbox 16 2910 1002 2992; baseline 0.004 -20"><span class='ocrx_word' id='word_1_277' title='bbox 16 2919 72 2984; x_wconf 50' lang='lat' dir='ltr'>,cet‘O</span> <span class='ocrx_word' id='word_1_278' title='bbox 115 2913 146 2972; x_wconf 89' lang='lat' dir='ltr'>Si</span> <span class='ocrx_word' id='word_1_279' title='bbox 154 2929 217 2972; x_wconf 85' lang='lat' dir='ltr'>cum</span> <span class='ocrx_word' id='word_1_280' title='bbox 231 2910 361 2972; x_wconf 79' lang='lat' dir='ltr'>Praefedlo</span> <span class='ocrx_word' id='word_1_281' title='bbox 369 2912 517 2990; x_wconf 78' lang='lat' dir='ltr'>perlitatae</span> <span class='ocrx_word' id='word_1_282' title='bbox 525 2913 614 2992; x_wconf 82' lang='lat' dir='ltr'>egerit</span> <span class='ocrx_word' id='word_1_283' title='bbox 622 2921 784 2988; x_wconf 68' lang='lat' dir='ltr'>bertramus,</span> <span class='ocrx_word' id='word_1_284' title='bbox 803 2934 835 2974; x_wconf 89' lang='lat' dir='ltr'>ac</span> <span class='ocrx_word' id='word_1_285' title='bbox 841 2913 1002 2992; x_wconf 87' lang='lat' dir='ltr'>ptiotqvid·</span> 
     </span>
     <span class='ocr_line' id='line_1_34' title="bbox 16 2991 1078 3075; baseline 0.005 -24"><span class='ocrx_word' id='word_1_286' title='bbox 16 2995 92 3070; x_wconf 72' lang='lat' dir='ltr'>piam</span> <span class='ocrx_word' id='word_1_287' title='bbox 101 2991 151 3072; x_wconf 80' lang='lat' dir='ltr'>ipli</span> <span class='ocrx_word' id='word_1_288' title='bbox 159 2992 347 3064; x_wconf 84' lang='lat' dir='ltr'>transmiserit,</span> <span class='ocrx_word' id='word_1_289' title='bbox 366 2993 458 3053; x_wconf 84' lang='lat' dir='ltr'>iorlan</span> <span class='ocrx_word' id='word_1_290' title='bbox 474 2993 580 3073; x_wconf 84' lang='lat' dir='ltr'>aliqvid</span> <span class='ocrx_word' id='word_1_291' title='bbox 596 2995 741 3070; x_wconf 78' lang='lat' dir='ltr'>obtinebit,</span> <span class='ocrx_word' id='word_1_292' title='bbox 771 2998 846 3075; x_wconf 86' lang='lat' dir='ltr'>qvod</span> <span class='ocrx_word' id='word_1_293' title='bbox 862 2996 1003 3074; x_wconf 73' lang='lat' dir='ltr'>quantivie</span> <span class='ocrx_word' id='word_1_294' title='bbox 1074 3026 1078 3030; x_wconf 95' lang='lat'>·</span> 
     </span>
     <span class='ocr_line' id='line_1_35' title="bbox 17 3069 1002 3158; baseline 0.005 -23"><span class='ocrx_word' id='word_1_295' title='bbox 17 3073 47 3135; x_wconf 74' lang='lat' dir='ltr'>fit</span> <span class='ocrx_word' id='word_1_296' title='bbox 55 3078 138 3153; x_wconf 87' lang='lat' dir='ltr'>pretii</span> <span class='ocrx_word' id='word_1_297' title='bbox 144 3092 155 3149; x_wconf 75' lang='lat'><em>3</em></span> <span class='ocrx_word' id='word_1_298' title='bbox 176 3069 447 3153; x_wconf 84' lang='lat' dir='ltr'>alioqvindifficilior</span> <span class='ocrx_word' id='word_1_299' title='bbox 462 3079 517 3136; x_wconf 84' lang='lat' dir='ltr'>elle</span> <span class='ocrx_word' id='word_1_300' title='bbox 532 3074 612 3143; x_wconf 82' lang='lat' dir='ltr'>solet.</span> <span class='ocrx_word' id='word_1_301' title='bbox 660 3077 740 3139; x_wconf 83' lang='lat' dir='ltr'>Addo</span> <span class='ocrx_word' id='word_1_302' title='bbox 755 3081 843 3158; x_wconf 82' lang='lat' dir='ltr'>Musti</span> <span class='ocrx_word' id='word_1_303' title='bbox 859 3080 914 3138; x_wconf 86' lang='lat' dir='ltr'>mei</span> <span class='ocrx_word' id='word_1_304' title='bbox 927 3095 960 3136; x_wconf 91' lang='lat' dir='ltr'>ut</span> <span class='ocrx_word' id='word_1_305' title='bbox 972 3082 1002 3140; x_wconf 76' lang='lat' dir='ltr'>dt</span> 
     </span>
     <span class='ocr_line' id='line_1_36' title="bbox 15 3156 1003 3240; baseline 0.002 -24"><span class='ocrx_word' id='word_1_306' title='bbox 15 3156 220 3237; x_wconf 79' lang='lat' dir='ltr'>Disputationir</span> <span class='ocrx_word' id='word_1_307' title='bbox 235 3156 326 3216; x_wconf 88' lang='lat' dir='ltr'>mense</span> <span class='ocrx_word' id='word_1_308' title='bbox 337 3157 476 3223; x_wconf 81' lang='lat' dir='ltr'>Novemb.</span> <span class='ocrx_word' id='word_1_309' title='bbox 493 3158 674 3222; x_wconf 75' lang='lat' dir='ltr'>anehabita</span> <span class='ocrx_word' id='word_1_310' title='bbox 687 3161 825 3240; x_wconf 80' lang='lat' dir='ltr'>exempla,</span> <span class='ocrx_word' id='word_1_311' title='bbox 852 3179 917 3220; x_wconf 90' lang='lat' dir='ltr'>cum</span> <span class='ocrx_word' id='word_1_312' title='bbox 933 3161 1003 3218; x_wconf 74' lang='lat' dir='ltr'>llin-</span> 
     </span>
     <span class='ocr_line' id='line_1_37' title="bbox 10 3237 1005 3324; baseline 0.001 -23"><span class='ocrx_word' id='word_1_313' title='bbox 10 3240 161 3320; x_wconf 72' lang='lat' dir='ltr'>struprm‚</span> <span class='ocrx_word' id='word_1_314' title='bbox 184 3259 267 3319; x_wconf 84' lang='lat' dir='ltr'>qvam</span> <span class='ocrx_word' id='word_1_315' title='bbox 282 3237 425 3313; x_wconf 76' lang='lat' dir='ltr'>desideras,</span> <span class='ocrx_word' id='word_1_316' title='bbox 446 3243 578 3304; x_wconf 80' lang='lat' dir='ltr'>oratione.</span> <span class='ocrx_word' id='word_1_317' title='bbox 610 3244 701 3324; x_wconf 74' lang='lat' dir='ltr'>Siqua</span> <span class='ocrx_word' id='word_1_318' title='bbox 717 3242 766 3302; x_wconf 85' lang='lat' dir='ltr'>srnt</span> <span class='ocrx_word' id='word_1_319' title='bbox 780 3261 920 3322; x_wconf 72' lang='lat' dir='ltr'>praterea,</span> <span class='ocrx_word' id='word_1_320' title='bbox 936 3261 1005 3320; x_wconf 81' lang='lat' dir='ltr'>qvot</span> 
     </span>
     <span class='ocr_line' id='line_1_38' title="bbox 15 3319 1002 3405; baseline 0.003 -21"><span class='ocrx_word' id='word_1_321' title='bbox 15 3341 78 3384; x_wconf 86' lang='lat' dir='ltr'>rum</span> <span class='ocrx_word' id='word_1_322' title='bbox 91 3323 195 3383; x_wconf 83' lang='lat' dir='ltr'>tenerit</span> <span class='ocrx_word' id='word_1_323' title='bbox 205 3319 345 3394; x_wconf 75' lang='lat' dir='ltr'>desiderio,</span> <span class='ocrx_word' id='word_1_324' title='bbox 360 3341 494 3383; x_wconf 88' lang='lat' dir='ltr'>uteorum</span> <span class='ocrx_word' id='word_1_325' title='bbox 504 3325 553 3383; x_wconf 88' lang='lat' dir='ltr'>tibi</span> <span class='ocrx_word' id='word_1_326' title='bbox 567 3325 712 3405; x_wconf 74' lang='lat' dir='ltr'>cupiebat,</span> <span class='ocrx_word' id='word_1_327' title='bbox 731 3323 896 3398; x_wconf 84' lang='lat' dir='ltr'>allaborabo,</span> <span class='ocrx_word' id='word_1_328' title='bbox 915 3325 1002 3387; x_wconf 81' lang='lat' dir='ltr'>modo</span> 
     </span>
    </p>
   </div>
   <div class='ocr_carea' id='block_1_8' title="bbox 14 3401 1073 3576">
    <p class='ocr_par' dir='ltr' id='par_1_8' title="bbox 14 3401 1073 3576">
     <span class='ocr_line' id='line_1_39' title="bbox 14 3401 1073 3490; baseline 0.006 -25"><span class='ocrx_word' id='word_1_329' title='bbox 14 3404 205 3490; x_wconf 87' lang='lat' dir='ltr'>abingtuente</span> <span class='ocrx_word' id='word_1_330' title='bbox 215 3401 371 3465; x_wconf 83' lang='lat' dir='ltr'>calamitate</span> <span class='ocrx_word' id='word_1_331' title='bbox 381 3405 516 3466; x_wconf 78' lang='lat' dir='ltr'>immunes</span> <span class='ocrx_word' id='word_1_332' title='bbox 526 3427 576 3467; x_wconf 85' lang='lat' dir='ltr'>nos</span> <span class='ocrx_word' id='word_1_333' title='bbox 586 3410 739 3487; x_wconf 77' lang='lat' dir='ltr'>praestiterit</span> <span class='ocrx_word' id='word_1_334' title='bbox 755 3403 1003 3485; x_wconf 76' lang='lat' dir='ltr'>llltiil&#39;rmut,qvod</span> <span class='ocrx_word' id='word_1_335' title='bbox 1071 3468 1073 3471; x_wconf 86' lang='lat'>.</span> 
     </span>
     <span class='ocr_line' id='line_1_40' title="bbox 14 3486 1004 3576; baseline -0.004 -24"><span class='ocrx_word' id='word_1_336' title='bbox 14 3486 300 3574; x_wconf 51' lang='lat' dir='ltr'>utfiatqelltumeli,</span> <span class='ocrx_word' id='word_1_337' title='bbox 319 3488 444 3570; x_wconf 77' lang='lat' dir='ltr'>precibus</span> <span class='ocrx_word' id='word_1_338' title='bbox 459 3489 634 3565; x_wconf 74' lang='lat' dir='ltr'>jnobircumi</span> <span class='ocrx_word' id='word_1_339' title='bbox 655 3494 720 3554; x_wconf 76' lang='lat' dir='ltr'>Dio</span> <span class='ocrx_word' id='word_1_340' title='bbox 735 3491 892 3576; x_wconf 77' lang='lat' dir='ltr'>impetrate.</span> <span class='ocrx_word' id='word_1_341' title='bbox 931 3487 1004 3548; x_wconf 84' lang='lat' dir='ltr'>Vale</span> 
     </span>
    </p>
   </div>
   <div class='ocr_carea' id='block_1_9' title="bbox 916 3569 1003 3657">
    <p class='ocr_par' dir='ltr' id='par_1_9' title="bbox 916 3569 1003 3657">
     <span class='ocr_line' id='line_1_41' title="bbox 916 3569 1003 3657; baseline 0 0"><span class='ocrx_word' id='word_1_342' title='bbox 916 3569 1003 3657; x_wconf 52' lang='lat' dir='ltr'>ihs&amp;</span> 
     </span>
    </p>
   </div>
   <div class='ocr_carea' id='block_1_10' title="bbox 0 0 1162 4088">
    <p class='ocr_par' dir='ltr' id='par_1_10' title="bbox 0 0 1162 4088">
     <span class='ocr_line' id='line_1_42' title="bbox 0 0 1162 4088; baseline 0 0"><span class='ocrx_word' id='word_1_343' title='bbox 0 0 1162 4088; x_wconf 95' lang='lat' dir='ltr'> </span> 
     </span>
    </p>
   </div>
  </div>
 </body>
</html>
