2256 4110
164 124 242 260 740
325 151 327 155 ·
438 104 858 238 'ossruorturr
928 138 988 168 '·

168 427 177 452 χ,
246 323 282 368 ²
333 325 411 393 f
568 338 753 419 utetur.
835 319 840 330 ‘
1092 371 1096 380 ·

53 497 55 502 ·
226 477 1049 570 ‘THoMASBARTHOLINUS

265 681 267 690 ,
417 687 418 690 a
489 616 538 698 D.
552 596 638 691 Olac
669 609 833 692 Wormio.
932 679 935 684 .

30 795 31 798 Ἴ
85 809 87 814 J
169 715 311 791 uastam
612 733 618 742 ³

252 857 280 916 lt
293 855 422 920 maxime,
442 856 484 916 Ab
501 858 547 916 illo
562 874 687 936 tempore
700 899 710 929 ‚
724 873 784 934 qvo
795 853 907 915 ultimas
925 871 1000 912 meas
1013 849 1057 910 ,ad
1072 868 1111 909 ter

252 936 300 1012 di,
313 939 344 996 in
354 939 504 1010 amicitiam
520 936 644 1018 Ampliss.
667 939 726 998 Dni
740 939 842 996 denam
859 938 941 1005 veni,
956 937 985 995 in
996 951 1078 1012 qvam
1095 934 1111 1011 ii

60 1047 61 1050 ¹
172 1039 219 1082 me
233 1022 341 1081 vocavit
355 1017 565 1090 humaniffimd,
580 1021 636 1081 viso
649 1021 720 1100 apud
729 1019 776 1092 cl,
791 1015 945 1096 Salmafium
952 1013 1111 1094 opusculum

171 1103 209 1163 dc
223 1104 379 1175 unicornu,
399 1103 473 1179 qvod
488 1104 596 1182 utrique
611 1104 680 1178 adcb
707 1101 833 1183 placuit,
855 1119 886 1159 ut
910 1101 1034 1160 auctores
1053 1100 1111 1156 sueri

170 1184 200 1246 -T
200 1181 361 1266 ypograplro
376 1184 469 1244 noslro
483 1227 494 1258 ,
514 1202 545 1242 ut
560 1185 659 1246 itcratb
674 1183 759 1265 praelo
774 1181 968 1266 subjiceretur,
989 1183 1019 1240 in
1034 1180 1104 1259 qvod

172 1284 239 1326 men
254 1265 370 1326 necdum
385 1263 538 1325 consentire
553 1269 630 1344 potui
645 1270 733 1346 ,qvia
747 1267 844 1347 prioris
866 1266 994 1326 editionis
1019 1281 1111 1339 exemp

171 1349 215 1408 ria
231 1347 338 1426 aliquot
352 1346 441 1407 adhuc
456 1346 525 1406 milri
543 1345 705 1428 supersunt,
725 1369 785 1428 quac
798 1347 919 1408 cxltalia
934 1344 1069 1424 txspcsio.
1091 1347 1111 1402 Ρ,

173 1431 258 1490 almas
281 1427 347 1489 verb
355 1428 555 1495 observationes
563 1433 597 1494 de
612 1429 813 1492 Menoceroribus
827 1429 895 1489 milri
904 1427 1030 1508 proruist-
1039 1428 1070 1484 de
1078 1436 1111 1484 La

173 1512 322 1591 prasertim
335 1513 369 1573 de
386 1515 444 1572 Ave
455 1531 633 1574 monocerote
648 1535 682 1575 ex
697 1514 771 1575 ludis
785 1509 883 1583 allata,
899 1510 1017 1571 necdum
1029 1507 1096 1569 mihi

174 1593 216 1658 sa.
243 1597 280 1670 ln
295 1602 381 1673 Trpau
416 1615 527 1675 qvoqve
546 1596 562 1656 d
584 1597 664 1658 nobis
690 1594 808 1658 discutit
830 1637 839 1666 ,
865 1609 947 1673 qvam
986 1612 1045 1652 non
1071 1609 1111 1651 cre

100 1725 101 1736 ,
173 1695 236 1736 aam
250 1677 302 1736 esse
321 1676 400 1758 cujus
416 1678 451 1739 ad
465 1697 510 1738 mc
526 1677 616 1740 mifisti
631 1678 770 1750 scclcton,
792 1676 919 1757 fiqvidem
935 1673 1039 1735 diversa
1056 1679 1111 1754 Top

173 1755 207 1822 sit
221 1759 384 1840 descriptio,
399 1780 482 1840 qvam
498 1764 671 1827 monstrabit.
711 1761 797 1838 bussei
813 1759 853 1819 rui
862 1757 1018 1834 catalogum
1027 1777 1111 1817 conec,

174 1840 266 1922 seipsi
279 1844 398 1904 ‘coasius
417 1845 478 1903 suut
498 1865 532 1904 co
561 1845 615 1906 fine
637 1888 647 1917 ,
668 1862 699 1904 ut
715 1844 828 1923 qvaeilli
839 1839 956 1906 desunt,
974 1857 1025 1917 ptr
1047 1859 1111 1900 mer

173 1928 352 1988 transmittat.
395 1928 473 2007 Haga
487 1946 552 1988 eum
568 1928 625 2007 jam
642 1925 746 1995 habet,
767 1921 958 2001 quevocatus
975 1921 1111 1984 esthisccd

174 2008 228 2069 bus
263 2010 439 2088 negotiorum
474 2008 647 2086 publicorum
683 2005 772 2066 causa.
834 2009 891 2066 Ubi
910 2005 1050 2065 'reversus
1076 2010 1111 2066 luc

175 2089 212 2150 de
228 2089 340 2170 singulis
372 2090 525 2149 accuratius
553 2092 742 2171 perscribam,
769 2108 828 2166 qvae
851 2091 899 2150 tibi
918 2087 1071 2150 destinavit.
1110 2139 1111 2143 ,

175 2172 314 2252 capidibus
336 2174 563 2233 commentarium
584 2173 729 2234 meditat-ur
746 2215 755 2244 ‚
776 2172 890 2234 editioni
906 2189 985 2228 novae
999 2171 1096 2229 Boethii
1110 2197 1111 2226 r

175 2254 348 2337 jungendum
365 2299 375 2329 ‚
395 2255 467 2314 unde
483 2253 499 2314 l
514 2276 559 2316 me
573 2255 771 2318 desideravitde
786 2253 1111 2334 GlrfflpetrisDiJJirratisn

175 2355 268 2397 meam
285 2379 296 2408 ,
316 2356 425 2415 qvam,
446 2337 536 2398 adhuc
551 2341 582 2400 in
596 2339 700 2400 schedis
725 2341 793 2396 meis
822 2338 997 2407 latitantem,
1016 2336 1111 2410 ostend

81 2433 84 2440 ’
134 2429 144 2448 “
175 2437 236 2478 non
250 2422 351 2495 putui;
374 2419 473 2497 siquid
488 2421 519 2479 in
535 2424 646 2482 materia
663 2421 715 2480 hac
733 2419 855 2491 habeas,
876 2439 912 2477 ne
934 2416 1044 2477 homini
1068 2439 1111 2476 am

174 2501 296 2564 invideas
311 2502 419 2581 qtaeso,
432 2500 561 2563 Sceleton
575 2503 644 2564 mihi
660 2503 765 2564 missum
785 2501 899 2564 Balaeoae
914 2502 1097 2560 monocerotis

176 2585 297 2642 curatius
314 2583 567 2662 personaturum
582 2587 754 2646 Consobriuo
770 2605 831 2645 mco
848 2580 1026 2655 charissimo,
1046 2584 1079 2644 dc
1092 2584 1111 2641 dr

176 2682 205 2724 te
220 2666 268 2725 illo
282 2669 376 2726 inveni
391 2666 523 2740 dubium,
538 2687 620 2744 qvem
634 2670 668 2730 ad
682 2667 755 2727 latus
777 2665 908 2725 sinistrum
933 2666 1020 2724 cranii
1043 2665 1111 2743 posu

176 2747 273 2808 vidto'r
288 2747 357 2807 mihi
372 2747 488 2820 videre,
509 2769 596 2830 qvum
616 2751 753 2810 tamenin
776 2752 855 2808 icone
877 2748 962 2806 totius
978 2744 1058 2824 piscis
1084 2768 1111 2807 ru

175 2828 260 2890 ductu
275 2850 310 2890 cx
324 2832 413 2892 media
429 2827 498 2891 facie
513 2840 654 2913 emergat:
677 2833 711 2893 de
730 2853 785 2910 qvo
799 2831 887 2908 qveso
902 2829 1023 2906 apertius
1046 2849 1111 2890 men

175 2927 265 2976 ucat,
288 2925 319 2967 ut
334 2912 438 2970 auctior
454 2915 568 2985 evadat,
588 2913 742 2993 clariorque
756 2933 825 2973 nova
854 2913 950 2992 editio,
992 2913 1111 2975 Dissertat

127 3025 129 3030 ·
155 2985 241 3049 lnem
256 3009 346 3050 meam
365 2995 394 3049 de
416 3003 506 3052 Latere
528 2996 649 3070 christi,
671 2999 721 3056 tibi
744 2997 847 3057 dudum
871 2994 1027 3073 inscriptam
1044 3005 1064 3068 ,’
1076 3014 1111 3070 per

175 3072 203 3131 se
220 3069 303 3130 habet
319 3073 366 3132 Cl.
384 3072 523 3151 Salmafius
540 3119 549 3148 ,
564 3076 639 3154 mihi
658 3077 953 3156 addistissrmus,cujus
970 3073 1111 3136 censuraes

176 3153 229 3235 jeci
245 3197 255 3225 ,
275 3172 423 3232 antequam
439 3158 467 3214 in
483 3158 619 3236 publicam
633 3157 893 3220 lucem'emittam.=
908 3159 986 3238 Quid
1002 3159 1067 3218 verb
1085 3161 1111 3216 is?

177 3255 211 3294 ca
234 3237 372 3298 sententia
405 3233 523 3311 tulerit,
545 3239 660 3300 necdum
688 3240 758 3300 milri
790 3241 896 3316 aperuit
929 3239 1110 3319 occupatissnu

177 3317 249 3376 Vale
266 3359 274 3388 ,
298 3321 417 3377 Patrone
431 3321 556 3388 ruaxime'
565 3364 576 3395 ,
597 3325 710 3395 druse,
731 3338 763 3383 ut
775 3320 869 3396 sulm,
889 3321 962 3392 ama.
993 3326 1111 3403 Lcydsr

92 3476 94 3481 Α
170 3397 351 3482 ’Μιῄἰιόιιόό

958 3497 1111 3568 DCCXVr
