2362 4110
169 176 246 252 Er
269 171 506 290 norun
545 171 855 259 urtsroru.
918 125 1068 271 1075*

29 372 105 432 eum
117 353 272 431 potius'me
287 351 374 431 ipsura
390 352 440 411 tibi
456 350 560 421 lislam,
581 357 608 412 δι
624 367 703 418 vetus
717 369 782 435 erga
792 371 820 411 te
842 349 959 414 sludium
974 367 1009 408 ee
1089 419 1093 428 Ι

30 434 330 517 fidejussoteobtesler,
348 454 365 494 a
380 455 437 514 quo
451 433 580 496 nihilnili
594 452 703 514 gratum
721 441 747 512 dt
765 430 949 512 acceptumsrr
963 421 1011 491 hal
1090 469 1093 476 ι

31 518 156 580 luiturus.
198 517 400 585 Delllustaibus
418 519 597 579 Ardiroorbe
614 519 739 576 Virirme
757 561 767 590 ‚
788 534 1008 594 antequameo
1072 526 1075 533 ’
1120 527 1123 534 ’
1165 575 1168 584 ⁴

30 599 264 681 proficisceretur,
283 605 472 678 percontanti,
490 621 517 671 tr:
535 619 620 660 unum
637 602 797 674 nominavi,
815 601 864 678 qui
876 599 1010 659 'omniunt

32 681 109 748 mihi
122 684 205 743 instar
218 684 295 756 elles,
315 689 341 742 δι
357 686 405 756 illi,
426 687 550 763 quamvis
563 684 686 744 avido&
710 685 739 742 in
766 683 843 742 omni
866 679 1010 761 disciplina

32 765 157 839 versato,
179 761 321 825 sufficeret.
382 770 443 825 Nee
457 770 497 828 illi
512 785 618 825 novum
633 765 695 838 fuit,
716 765 782 824 talia
799 765 832 825 de
844 781 871 824 te
903 765 1011 836 audite,

31 865 97 907 non
112 844 224 911 difficile
238 849 338 908 talibus
353 852 489 924 silentiu,
509 867 584 909 tuam
600 850 637 919 iu¹
653 847 849 926 perscrutandis
873 847 1010 908 Vandalor

32 949 100 990 rum
115 933 300 991 monumentis
316 932 487 1014 diligentiam
499 939 525 992 &
535 932 756 1009 pervicacitatem
770 928 929 1009 jamdudum
937 927 1011 1008 apud

31 1032 145 1093 partem
166 1016 271 1077 edoflo'.
315 1017 395 1075 Viam
417 1017 540 1094 profesio
555 1013 683 1075 invenisti
699 1010 812 1073 mininie
828 1010 938 1082 tritam,
953 1030 1011 1090 qua

33 1117 137 1156 omnes
155 1099 320 1157 Litterarum
339 1103 462 1157 amantes
476 1099 526 1157 tibi
543 1097 705 1167 devinciret,
725 1095 758 1154 de
773 1094 860 1155 literis
875 1092 935 1173 ipfis
952 1113 1010 1154 tana

33 1179 109 1238 benc
125 1179 273 1252 metendo,‘
285 1185 323 1252 dr,
342 1199 398 1258 qua
417 1178 579 1240 mortalibus
599 1179 726 1238 omnibus
748 1175 939 1250 innotesceres,
963 1178 1012 1238 abr
1108 1184 1110 1188 ’

35 1261 123 1320 ilrusa
133 1268 165 1321 -&
180 1279 285 1321 remota
298 1263 367 1322 adeo
384 1281 479 1322 eorum
494 1261 583 1336 oculis
598 1258 775 1341 subjiciendo.
816 1261 848 1319 ld
864 1259 1009 1320 donorum

33 1346 206 1423 praecipuum
222 1344 262 1403 est
275 1346 434 1423 praerniuma
456 1346 636 1422 praedicantur
650 1344 683 1400 ab
693 1343 725 1402 iis
745 1384 754 1416 ,
789 1343 889 1420 quinus
918 1343 1010 1424 ignoti
1033 1379 1034 1382 =

33 1424 118 1497 sunt3
141 1421 322 1506 pervagantur
338 1427 399 1487 loca
418 1429 464 1488 ubi
480 1447 537 1487 non
553 1425 631 1498 sunt;
653 1429 680 1484 δι
702 1423 736 1484 ab
759 1424 888 1484 omnihus
912 1445 1010 1485 eorum

35 1511 95 1568 uita
110 1508 259 1587 suspicitur,
278 1507 454 1570 incolumitas
471 1510 568 1577 scitur,
593 1509 726 1568 memoria
749 1507 910 1576 celebratur.
952 1509 1011 1568 Obr

36 1595 119 1652 scuro
136 1601 199 1652 reio
221 1591 328 1650 homini
346 1595 425 1652 amici
442 1612 543 1672 magno
555 1597 623 1651 ‘cum
643 1589 738 1662 labore
753 1591 932 1668 'comparandi
948 1593 1011 1652 sunt

36 1673 150 1754 singuli,
168 1677 293 1752 alloquiis
309 1675 430 1746 fovendi,
450 1674 570 1755 epistolis
589 1672 709 1736 colendi.
749 1676 893 1753 Quoniam
916 1678 1026 1754 itaque,

39 1759 111 1816 milri
130 1757 182 1840 liae
197 1762 302 1818 ratione
314 1758 404 1817 solum
422 1758 498 1833 licet,
520 1758 736 1817 recordationem
754 1774 829 1814 tuam
853 1759 955 1830 excito,
983 1775 1010 1816 ar

38 1841 174 1901 mititiam
188 1860 320 1918 aucupor,
342 1839 494 1901 h'onoriirta
509 1841 543 1901 de
557 1858 585 1900 te
603 1840 742 1898 mentione
756 1838 860 1898 Parisiis
876 1842 948 1916 apud
959 1849 1010 1897 Pu·

37 1939 128 1980 rennos
142 1921 246 1983 Fratres
257 1924 325 2003 sape
339 1943 483 1995 terreatur,
504 1928 529 1981 8(
544 1925 672 1994 tuorum,
692 1922 740 1998 qui
764 1923 884 1982 maximo
898 1920 1010 2002 applaut

37 2003 281 2065 {revolvebantur
302 2049 312 2079 ,
330 2006 462 2075 librorum
477 2006 585 2083 amedu
598 2007 628 2065 in
643 2004 759 2080 antiquo
780 2023 845 2086 erga
867 2021 895 2064 te
914 2023 1009 2066 amore
1089 2085 1090 2088 Ἴ

35 2087 394 2153 nonsemeleonfirmatus.
438 2091 538 2150 Aderat
554 2093 581 2147 δι
594 2091 710 2148 Perseius
732 2088 850 2160 noster,
878 2091 927 2148 eui
946 2093 1028 2148 conr
1068 2161 1071 2166 Ι

37 2169 181 2231 suetudine
193 2189 241 2231 tua
254 2190 303 2251 per
317 2171 451 2234 Thuillerii
466 2165 572 2238 moram'
585 2173 633 2234 diu
654 2164 769 2229 Halfniae
794 2172 834 2231 uti
859 2169 961 2243 licuit,
982 2175 1011 2232 &

37 2253 130 2312 multa
145 2257 293 2326 narrabat,
313 2256 413 2334 quibus
428 2255 577 2316 interinille
591 2269 731 2333 optarem.
773 2257 832 2336 Ego
849 2257 895 2314 cui
904 2255 1010 2314 nullutn

19 2333 141 2395 ¹eontra
158 2335 329 2400 oblivionem
348 2341 388 2397 tui
412 2336 554 2400 subsdium
578 2358 595 2397 a
619 2333 910 2418 quinquennio'suir‚
939 2334 1010 2395 milri

35 2418 148 2480 tandem
171 2461 181 2492 ,
201 2419 363 2494 serolitct,
392 2419 444 2482 hae
462 2419 576 2499 epistola
602 2415 834 2500 inpraesentiarum
866 2417 1009 2495 provideo,
1117 2446 1122 2456 s

34 2503 187 2580 omniaque
199 2522 258 2560 mea
278 2505 387 2584 insuper
401 2524 460 2565 tum
485 2501 602 2577 Petisia,
624 2522 682 2564 rum
698 2499 767 2576 hiet,
785 2502 831 2560 ubi
852 2500 1008 2577 aliquantus
1068 2508 1070 2512 '

33 2583 96 2642 lum
113 2586 203 2644 forsan
226 2589 364 2662 morabor,
387 2585 525 2650 exhibeo.¹
575 2586 655 2649 Vale.
715 2587 819 2644 Datum
848 2581 1029 2656 Mouaslerli'

21 2666 259 2746 'Wesspltalorum
276 2671 320 2731 die
337 2687 383 2745 19.
393 2670 515 2749 Januarii
530 2670 595 2730 anni
609 2663 1006 2749 millesimisexcentefimiqua·

31 2746 178 2830 dragesrmi
192 2755 269 2821 noni.
927 2765 928 2768 ’

357 2929 694 3011 DCCCCLXXXII.

247 3067 455 3159 oLAUS
485 3069 815 3160 WORMIUS‘

198 3309 199 3314 Ν
329 3211 511 3318 Franciscr
534 3206 741 3297 Bertaldn‘
872 3207 881 3226 '

26 3355 153 3438 lianfiot.
175 3389 181 3397 «
295 3395 297 3400 ,

26 3465 181 3669 Quam
198 3495 282 3566 gratae
293 3477 363 3554 milri
378 3480 565 3646 tutelquepipt}
593 3495 662 3560 quar
684 3489 733 3556 per
761 3471 879 3552 Isrdrum
900 3462 1010 3613 roffi
