2362 4110
67 145 72 152 “
158 189 256 267 rona
444 167 581 252 otnt
619 157 840 260 wotnrrr

154 346 188 410 fis
201 348 301 410 Herois
313 363 362 409 aut
377 346 513 425 Principia
528 345 640 405 nomine
663 339 772 420 proprie
795 333 997 418 infigniretur,
1018 331 1122 416 querci
1168 325 1175 360 ¹

153 429 210 510 ipse
225 451 304 491 natus
314 429 389 506 esset,
410 429 455 490 rei
467 427 580 508 aliquod
595 423 727 485 eximium
743 421 850 480 facinus
866 435 1040 497 patraverat.
1061 418 1123 474 Paret
1169 406 1175 463 i

153 515 184 574 id
198 536 232 574 ex
246 515 319 591 lulio
336 519 362 574 dc
377 514 509 594 Augusto,
530 509 609 572 utde
634 504 764 566 similibus
787 503 860 564 idem
891 500 981 578 plane
1004 501 1123 583 judicium
1169 489 1176 525 r

155 594 209 656 eise
221 597 328 661 debeat.
366 597 478 676 Quibus
494 593 623 674 cognitis,
641 588 722 651 nole
734 587 796 658 erit,
817 583 917 645 nense
932 581 1045 646 n'omen
1066 579 1123 650 &sir
1170 570 1176 607 ¹

156 701 218 747 tum
232 683 344 750 novisse.
383 683 472 742 Greci
488 679 641 760 eorumque
654 666 788 751 ’ἄποικος
804 701 860 744 tam
889 684 922 743 in
942 681 1008 742 Aria
1023 724 1034 752 ,
1048 695 1120 762 quam
1171 656 1176 774 ἱ

156 785 234 863 elici,
254 786 379 866 primitus
397 784 508 862 quidem
522 784 647 862 proprios
665 783 771 842 menses
784 780 952 844 habuerunt.
1000 779 1122 864 Postreto
1173 823 1176 856 ἶ

157 870 360 948 expeditionem
377 866 571 938 Macedonum,
591 866 660 926 duee
677 865 845 937 Alexandro,
858 884 960 923 omnes
978 866 1062 932 sere,
1082 855 1121 934 qui
1172 904 1176 961 Ι

158 949 247 1012 Afiam
263 963 315 1011 aut'
324 949 443 1010 Africam
458 947 621 1020 incolerent,
640 948 833 1010 Macedonicos
851 963 1031 1025 receperunt.
1058 942 1120 1002 Idem
1174 983 1176 994 .

159 1037 255 1112 postea
271 1035 459 1094 Romanorum
472 1031 540 1110 jugo
549 1029 671 1109 suscepto
684 1030 785 1090 fadum
804 1029 866 1101 fuir,
890 1031 1017 1090 utnobis
1035 1043 1059 1090 r.
1072 1023 1122 1080 iibn
1174 1028 1177 1040 '

160 1115 274 1174 kannis
282 1112 376 1189 curisti
385 1113 601 1174 demonstratum
615 1116 666 1177 eii.
709 1115 770 1172 Nec
783 1115 849 1171 anni
867 1129 983 1171 tantum
1003 1111 1123 1171 rationem

158 1196 195 1257 ed
208 1196 310 1275 Juiieni
324 1197 442 1254 formam
456 1197 647 1266 immutaruntr
667 1214 761 1254 rerum
777 1195 860 1254 etiam
876 1195 937 1271 ipsa
949 1190 1123 1253 Vitiorum&

158 1279 317 1358 Principum
338 1280 453 1340 nomina
468 1275 602 1338 menfibur
616 1278 670 1336 iuis
685 1277 848 1355 imposuere,
867 1287 900 1336 'ut
916 1299 951 1337 cx
970 1275 1081 1352 Papiriis
1088 1287 1124 1326 an·

9 1365 12 1370 '
107 1371 108 1376 ’
161 1379 205 1423 tea
219 1361 404 1440 probavimus,
425 1378 567 1440 annosque
579 1357 640 1419 suos
654 1359 687 1417 ab
703 1377 799 1418 eorum
816 1360 939 1419 vidiosiis
955 1359 1059 1439 aliisue
1074 1371 1124 1430 oper

161 1445 236 1504 ribus
252 1443 358 1500 eximiis
374 1456 570 1507 numerarunt:
581 1440 616 1501 fic
630 1438 807 1502 Alexandrini
825 1443 914 1512 diem,
946 1462 1008 1518 quo
1029 1440 1123 1499 Civitas

161 1524 281 1605 ipsorum
295 1522 330 1581 ab
341 1525 462 1606 Augusio
474 1541 554 1599 capta
569 1525 632 1597 suit,
651 1525 769 1600 primum
784 1526 898 1604 anniiui
912 1522 966 1583 esse
977 1521 1124 1584 voluerunt.
1160 1522 1162 1525 ’

160 1609 252 1667 braeci
269 1623 381 1682 quoque
391 1608 517 1667 maximis
531 1607 692 1667 abAdriano
707 1608 873 1685 Imperatore
886 1602 1126 1675 beneficiisaffedi,

160 1706 272 1773 prepter
284 1687 438 1748 institutum
449 1689 483 1747 ab
499 1708 535 1748 eo
551 1687 827 1752 xv1.1ndinionun
855 1688 979 1768 Cyclum
999 1731 1011 1760 ,
1032 1689 1080 1768 qui
1092 1689 1125 1744 Sn

134 1807 142 1826 s
160 1770 278 1855 prembri
288 1771 381 1832 mense
393 1772 485 1846 iniret,
503 1789 640 1832 annuma
660 1759 817 1849 Septembri
828 1770 1017 1837 inchoaruntz
1035 1769 1127 1851 quade

162 1877 191 1917 re
207 1854 330 1937 pluribus
345 1851 511 1934 disputatum
527 1855 581 1915 suit
593 1853 640 1918 tib.
651 1871 678 1916 r.
689 1853 720 1912 de
734 1872 798 1921 ann,
815 1855 914 1929 Christ.
943 1855 1029 1932 rapite
1045 1857 1079 1916 de
1092 1863 1126 1911 la·

161 1938 294 2005 A‘reionrb.
309 1937 379 1998 Sane
394 1940 465 1998 inter
478 1945 574 1998 omnes
589 1939 769 2017 Imperatores
783 1956 865 1996 nemo
881 1937 936 1998 fuit
952 1935 1128 2016 unquamqui

163 2022 268 2101 majore
280 2018 508 2102 Graeeoshonore
522 2016 651 2092 afficeret,
670 2019 817 2098 quamipse
841 2021 1013 2081 Hadrianus.
1063 2022 1127 2080 Nau

163 2111 191 2164 dc
206 2103 314 2180 publice
327 2106 356 2161 in
372 2104 442 2162 veste
463 2103 557 2162 Graeca
576 2101 705 2181 Dionyfia
728 2101 842 2162 Athenis
857 2145 868 2175 ,
886 2101 1020 2181 supremo
1035 2095 1127 2161 ⁴eorum

162 2185 326 2264 Magisitmu
342 2185 464 2257 funditur,
480 2182 637 2256 celebravit,
659 2185 820 2266 magnisque
837 2186 956 2262 premiis
977 2204 1012 2245 ac
1032 2187 1127 2264 integra

162 2264 282 2348 quadam
298 2267 411 2345 regione
426 2263 601 2324 Athenienses
616 2265 738 2331 donavit.
801 2257 848 2326 Ob
878 2286 967 2346 quam
996 2284 1126 2328 temtem-

162 2351 241 2432 plum
256 2348 319 2428 viro
332 2347 370 2405 iiii
380 2365 437 2406 ram
458 2344 572 2406 Athenis
589 2367 673 2426 quam
686 2346 751 2408 alibi
776 2349 848 2428 apud
872 2343 1001 2410 Grecos⁴
1015 2351 1125 2412 ditarunt

100 2477 102 2484 ,
135 2481 139 2486 .
162 2435 230 2494 fuir.¹
266 2431 366 2508 Neque
377 2430 486 2502 dubito,
505 2432 584 2507 quin,
605 2451 668 2488 curu
684 2433 713 2488 in
729 2429 808 2510 ipsius
825 2433 948 2514 gratiam
973 2433 1078 2492 annum
1092 2432 1126 2490 su·

162 2535 221 2587 um,
240 2533 323 2590 quem
337 2530 418 2572 antea
432 2514 466 2571 ab
481 2514 572 2572 aestivo
585 2513 695 2574 cardine
709 2515 827 2590 incipere
841 2514 978 2588 solebant,
987 2535 1006 2574 a
1015 2517 1126 2596 Septent-

101 2658 104 2668 ,
163 2598 205 2657 bri
220 2594 429 2669 inchoaverint,
448 2613 507 2653 tum
529 2596 613 2654 etiam
637 2594 741 2655 solenni
756 2599 803 2656 illo
820 2617 897 2658 more
921 2602 1046 2677 primurn
1062 2602 1126 2657 ilium
1167 2634 1168 2639 κ

163 2679 284 2739 mensem
298 2677 406 2736 nomini
419 2698 450 2738 ac
467 2677 585 2736 Numini
598 2673 680 2754 ipfius
693 2677 854 2744 dicaverint.
884 2685 980 2760 Atque
996 2683 1036 2740 ira
1044 2726 1055 2756 ,
1073 2697 1126 2739 cum

164 2794 216 2834 nee
233 2755 388 2866 Apprerrdt
403 2793 454 2834 nee
468 2755 632 2867 Λβριωνδς
649 2774 797 2850 quicquam
812 2775 949 2850 denotet,
970 2795 1025 2856 pro
1043 2775 1125 2836 secun·

162 2876 199 2938 da
213 2872 305 2944 litera,
325 2889 409 2951 quam
432 2870 557 2932 vitiosam
570 2866 621 2930 esde
643 2865 769 2929 codicum
792 2867 930 2929 diversitas
960 2873 1066 2951 arguit,
1083 2890 1127 2951 ego

163 2954 189 3041 ὃ
199 2968 357 3051 ponendum
374 2966 522 3041 censerem,
541 2967 744 3047 legendumque
752 2945 894 3066 Adparet}
904 2986 965 3045 pro,
973 2956 1126 3069 Ayptnrri,

51 3140 55 3147 A
162 3078 247 3156 Juxta
260 3084 344 3144 qnam
359 3063 470 3141 quidem
485 3058 644 3139 opinionem
660 3067 788 3142 Princeps
803 3067 848 3123 ilie
862 3067 1041 3132 Medicorum
1056 3085 1126 3126 natus

163 3148 430 3230 fuisset-,Septembris
445 3148 489 3208 die
504 3148 605 3209 XXVI.
645 3146 740 3226 Objiti
754 3149 868 3226 quidem
882 3151 984 3224 potest,
1004 3151 1126 3228 Hippone

162 3255 215 3297 rem
229 3231 324 3295 multis
337 3245 417 3290 antea
428 3231 522 3289 seculis
534 3222 659 3288 floruisse.
699 3232 802 3288 Verum
814 3231 918 3289 noceor
933 3232 981 3291 ille
994 3235 1125 3312 quiritant

161 3319 243 3398 ipsrus
258 3309 402 3391 descripsit,
424 3311 543 3372 Adriano
558 3313 692 3390 posterior
706 3313 825 3389 fuir,qni
839 3310 963 3375 aliorum
973 3315 1125 3395 scriptorum

162 3418 258 3466 ruore,
283 3415 347 3458 cum
360 3392 480 3456 mensem
497 3394 626 3472 diemque
640 3392 760 3453 natalem
773 3395 931 3475 exprimere
943 3400 1026 3459 vellet
1047 3405 1065 3471 ,¹
1076 3417 1126 3458 non

138 3527 145 3560 3
162 3482 296 3564 antiquie
313 3476 455 3542 mensibus.
471 3474 533 3541 usur
551 3477 600 3552 eii,
621 3478 671 3561 qui
683 3474 773 3562 plebi,
792 3479 840 3540 cui
854 3483 980 3545 manime
995 3482 1126 3554 scribebat,

1094 3583 1126 3624 ru·
