2256 4110
53 219 54 222 ‘
100 205 273 284 Erro
305 202 432 282 nuru
463 199 755 286 nrrsrorm
855 175 950 310 ἠς-
1062 161 1089 279 .’

29 369 133 438 diebus¹
145 375 216 444 milri
230 380 388 458 contigerit.
430 379 540 437 Emerat
569 381 599 439 in
618 378 680 436 foro
695 377 810 458 piscario
834 399 924 459 nuper

29 485 35 522 ι
52 480 137 534 mea,
156 463 228 520 inter
238 462 308 522 alios
326 460 412 540 piscat
425 463 569 540 Scorpium
584 462 737 534 marinum,
758 462 924 525 &rimoridio

29 550 92 606 ium
101 586 112 616 ,
130 541 209 602 nobit
226 545 313 625 vulgo
328 541 427 612 enuit!
443 582 454 624 p
472 542 549 608 hunc
579 564 643 604 cum
675 541 863 620 excoriaffet,
890 566 924 607 at
1012 578 1016 588 ·

29 649 53 688 rs
89 637 153 684 cum
186 630 276 706 capite
312 629 344 686 ln
374 626 479 688 locum
518 625 642 686 sordibus
676 628 842 707 excipiendia
877 627 927 696 des

29 731 74 771 um
115 706 267 788 projeciffet
293 750 304 781 ,
342 713 402 788 poll
432 711 490 772 dies
526 707 634 788 aliqvot
655 708 718 768 illac
738 711 810 768 circa
830 727 926 789 crepu-
994 725 995 734 ¹

29 814 49 850 n
69 788 201 851 tranfiens
236 790 386 867 famulus3
420 789 489 853 vidit
505 790 644 875 insolitam
673 789 765 872 lucem
796 795 828 853 in
850 809 927 855 tene·

29 877 116 936 bidem
135 877 301 948 micantem,
317 894 378 953 qva
394 876 505 936 terroris
529 873 603 935 baud
622 893 719 954 parum
747 873 807 954 ejut
831 877 926 937 animo

29 955 71 1030 lt,
94 955 167 1016 unde
182 957 345 1017 domesticos
361 960 481 1041 reliquos
496 976 653 1016 convocans
666 957 803 1018 ostentum
813 957 927 1020 demon·

29 1059 49 1103 t.
72 1041 134 1122 Qi
149 1042 259 1099 attoniti
277 1059 341 1100 cum
362 1040 533 1120 aliquamdiu
554 1039 645 1099 luceru
660 1036 734 1098 hanc
747 1036 930 1119 aipexiffent,
1046 1091 1048 1096 .
1070 1107 1074 1115 ,

43 1117 189 1182 animosior
210 1121 322 1202 qvidam
351 1121 463 1206 propius
478 1122 506 1182 se
525 1122 666 1194 admovit,
682 1117 748 1203 qvid
762 1117 874 1183 subeffet
888 1129 929 1188 rei

29 1204 278 1268 'rarutunOffendit
298 1209 365 1265 vero
383 1223 468 1285 caput
484 1206 632 1266 &corium
650 1205 731 1285 pilcis
759 1209 928 1280 exenterati,

38 1291 67 1349 in
81 1290 156 1350 dicrn
171 1287 327 1368 seqventem
341 1289 456 1352 studiose
475 1286 624 1356 affervavit.
666 1292 752 1350 Mane
767 1305 812 1347 mc
828 1306 931 1350 conve·

29 1373 91 1433 :rei
106 1373 185 1452 gesta
201 1372 341 1431 historiam
355 1373 479 1451 pluribus
494 1370 619 1449 exposuit
633 1371 851 1435 circumstantiis.
868 1371 931 1450 Jut·

29 1474 95 1534 pora
113 1453 250 1514 luminosa
269 1453 405 1526 adferret,
424 1471 485 1536 qvae
500 1455 658 1531 semipurria
672 1455 701 1512 in
717 1452 851 1537 angulum
867 1458 932 1515 Mu·

29 1537 114 1599 bdidi.
158 1537 312 1616 Aliqroties
328 1536 395 1599 verb
406 1541 436 1596 in
444 1539 543 1597 diurno
558 1534 664 1595 lumine
681 1535 797 1595 versanti
826 1555 858 1596 ac
877 1553 934 1617 tras

29 1623 51 1691 i,
64 1618 135 1678 nibil
149 1619 204 1679 tale
221 1620 438 1680 animadvertere
450 1619 538 1682 licuit.
579 1615 690 1698 Vesperi
713 1617 780 1679 verb
803 1617 933 1700 ingruen.

34 1703 172 1774 tenebris,
183 1721 240 1762 tem
257 1720 288 1770 ut
302 1705 424 1763 narravit
437 1708 578 1780 comperit
598 1701 750 1760 accuratius
766 1699 831 1760 verb
842 1702 933 1766 obser.

29 1788 31 1842 ἰ
36 1828 46 1858 ,
60 1804 177 1864 quatuor
185 1783 258 1862 qvafi
272 1782 494 1847 distrctaelueulat
503 1779 854 1855 oculisoblervabantut,ex
887 1798 933 1846 vas

35 1866 143 1928 divcrfis
157 1869 255 1945 capitis
272 1868 392 1944 partibus
405 1869 571 1936 emicantes;
594 1863 672 1945 supra
682 1869 804 1946 quemvis
814 1805 935 1934 ‘oculum

29 1949 260 2028 ‚adinferiorem
276 1947 463 2010 mandibulam
476 1950 676 2028 uttinqveuna.
718 1951 936 2030 liaeautempar.
1037 1951 1039 1956 '

29 2031 143 2092 mdelux
159 2033 314 2105 emicabat,
329 2051 376 2109 per
391 2029 534 2102 candelam
552 2031 687 2102 lustratae,
710 2050 769 2090 non
782 2035 935 2096 utentium

29 2133 103 2184 aum,
114 2115 435 2195 nigrae‚se‹lcandicantes
453 2112 607 2176 &mucosa
621 2112 849 2194 observabantur„
870 2110 949 2198 Spu

29 2196 185 2276 tlolrocpet
200 2201 292 2258 nodet
310 2217 427 2276 qvatuor
442 2213 490 2256 aut
505 2199 626 2280 qvinqvp
640 2195 748 2260 diverfis
766 2195 938 2278 temporibus
1016 2267 1017 2272 1

29 2285 55 2344 os
75 2283 139 2358 pavi
154 2279 271 2359 aliisqvc
292 2281 319 2340 id
334 2281 589 2353 monstravi,donec
603 2280 699 2340 calore
712 2278 938 2348 ambientiaad'ria
1011 2335 1012 2338 ,
1077 2275 1080 2287 ¹

29 2379 119 2421 catum
137 2369 220 2440 caput
226 2405 236 2436 ,
252 2363 382 2442 paulatim
392 2361 499 2423 lumine
507 2363 706 2426 destitueretur.
727 2357 878 2422 Humidum
887 2364 939 2445 igi·

29 2445 92 2504 illud
109 2443 219 2504 lentum
237 2451 263 2528 bt
283 2443 425 2504 mucosum
442 2447 470 2503 in
488 2444 610 2524 btbjedo
623 2446 703 2505 niveo
717 2443 752 2504 ad
766 2444 940 2523 putredinem
987 2455 988 2458 ’
1045 2485 1046 2490 1

29 2524 107 2602 nito,
122 2527 157 2587 ad
176 2526 259 2606 hujus
270 2527 349 2586 *lucia
362 2544 488 2596 naturam
506 2526 625 2586 multum
646 2523 789 2587 'contulill'e
811 2527 940 2598 arbitror.
1019 2587 1021 2596 χ

29 2629 32 2664 :
46 2609 113 2668 dum
124 2607 265 2669 confidero
274 2655 284 2684 ,
305 2611 381 2668 venit
396 2609 464 2668 mibi
479 2609 508 2667 in
523 2625 645 2669 mentem
667 2609 742 2690 qvod
760 2609 872 2668 nonita
886 2611 943 2686 pri·

43 2691 162 2772 legeram
175 2693 204 2751 in
220 2689 339 2772 Epistola
354 2692 451 2752 Allatii
470 2693 504 2752 ad
526 2691 641 2751 Literum
650 2730 661 2763 ,
680 2691 715 2764 de
727 2691 945 2753 Gammarorum

29 2775 95 2850 pviit
105 2775 261 2848 intenebris
278 2774 442 2838 lucentibua.
465 2777 546 2834 Extat
558 2791 622 2852 vera
638 2770 696 2834 lraec
714 2769 834 2854 Epistola
851 2773 882 2834 in
894 2773 943 2836 do·

29 2852 81 2913 imo
103 2855 275 2917 Clariilrmi'
298 2863 376 2916 Liceat
397 2857 514 2934 ttadlatu
547 2855 581 2916 de
598 2855 691 2935 lapide
704 2852 851 2934 Bononiensi
880 2859 946 2938 cap.

47 2955 109 3019 pag.
132 2957 165 2998 ra
171 2961 198 3017 3.
213 2941 269 3026 ‘sed
294 2939 352 2998 lraec
384 2937 527 3008 bacienus,
558 2936 800 3018 Controverssarnm
820 2957 945 3000 mearum

29 3023 126 3090 anulii
145 3027 234 3083 iacere
251 3021 341 3094 valeo,
359 3041 423 3082 cum
439 3041 497 3082 non
513 3021 568 3096 iit,
588 3021 636 3098 qvi
650 3019 802 3082 excudendi
822 3018 947 3080 laborem
973 3092 974 3095 Ἴ

29 3099 50 3196 ie
60 3095 188 3251 suipip'cre
205 3103 284 3180 utliu
313 3103 384 3169 vde
403 3110 431 3168 δι
452 3121 538 3190 porro
556 3121 628 3166 ama.
656 3104 765 3170 licinia
786 3121 837 3180 ²4·
858 3098 947 3185 April.

29 3202 52 3246 m
72 3202 84 3246 1
108 3205 127 3268 4
148 3226 159 3254 ο
796 3253 797 3256 ,
827 3251 829 3256 .

386 3509 509 3601 ΑιιιΙ
586 3524 591 3548 ι
757 3481 954 3633 noctur.
1008 3509 1009 3518 ¹
